amount,date,price,tid,type,Datestamp
0.07204,1506884028,4276.03,22621849,1,2017-10-01 18:53:48
5.54196845,1506884022,4282.0,22621848,0,2017-10-01 18:53:42
2.73153684,1506884016,4282.0,22621847,0,2017-10-01 18:53:36
2.26846316,1506884016,4281.99,22621846,0,2017-10-01 18:53:36
0.05373684,1506884015,4281.99,22621845,0,2017-10-01 18:53:35
0.02,1506884005,4282.0,22621842,0,2017-10-01 18:53:25
0.3436944,1506883997,4282.0,22621840,0,2017-10-01 18:53:17
0.00264971,1506883993,4282.0,22621837,0,2017-10-01 18:53:13
0.5,1506883976,4282.0,22621830,0,2017-10-01 18:52:56
1.19098085,1506883962,4282.0,22621829,0,2017-10-01 18:52:42
0.034,1506883959,4280.0,22621828,0,2017-10-01 18:52:39
0.018,1506883959,4280.0,22621827,0,2017-10-01 18:52:39
6.786386,1506883959,4280.0,22621826,0,2017-10-01 18:52:39
4.12593457,1506883958,4280.0,22621825,0,2017-10-01 18:52:38
0.164,1506883958,4280.0,22621824,0,2017-10-01 18:52:38
57.77195018,1506883936,4280.0,22621821,0,2017-10-01 18:52:16
0.0157531,1506883904,4279.99,22621818,0,2017-10-01 18:51:44
0.01470617,1506883904,4279.99,22621817,0,2017-10-01 18:51:44
0.02712015,1506883876,4279.99,22621816,1,2017-10-01 18:51:16
0.04,1506883863,4279.99,22621814,1,2017-10-01 18:51:03
0.401106,1506883862,4280.0,22621813,0,2017-10-01 18:51:02
0.04,1506883850,4279.99,22621812,1,2017-10-01 18:50:50
0.05,1506883836,4279.99,22621810,1,2017-10-01 18:50:36
0.01324853,1506883832,4280.0,22621809,0,2017-10-01 18:50:32
0.05,1506883823,4279.99,22621808,1,2017-10-01 18:50:23
0.57175701,1506883822,4280.0,22621807,0,2017-10-01 18:50:22
0.03225727,1506883818,4280.0,22621799,0,2017-10-01 18:50:18
0.06,1506883810,4279.99,22621791,1,2017-10-01 18:50:10
0.078,1506883803,4280.0,22621790,0,2017-10-01 18:50:03
0.06,1506883797,4279.99,22621788,1,2017-10-01 18:49:57
0.07,1506883783,4279.99,22621786,1,2017-10-01 18:49:43
0.06856481,1506883774,4280.0,22621782,0,2017-10-01 18:49:34
0.08,1506883770,4279.99,22621781,1,2017-10-01 18:49:30
0.03159681,1506883770,4279.99,22621780,1,2017-10-01 18:49:30
0.06674848,1506883761,4280.0,22621772,0,2017-10-01 18:49:21
0.08,1506883757,4279.99,22621771,1,2017-10-01 18:49:17
0.1,1506883744,4279.99,22621769,1,2017-10-01 18:49:04
0.1,1506883742,4279.99,22621768,0,2017-10-01 18:49:02
0.00761563,1506883697,4279.97,22621766,0,2017-10-01 18:48:17
0.00931881,1506883697,4279.97,22621765,0,2017-10-01 18:48:17
0.01118694,1506883688,4279.99,22621763,0,2017-10-01 18:48:08
0.11507738,1506883663,4277.51,22621750,1,2017-10-01 18:47:43
0.02675938,1506883663,4277.52,22621749,1,2017-10-01 18:47:43
0.00264971,1506883654,4279.99,22621745,0,2017-10-01 18:47:34
0.08405919,1506883623,4279.99,22621742,0,2017-10-01 18:47:03
0.023149,1506883623,4279.99,22621741,0,2017-10-01 18:47:03
0.066851,1506883622,4279.99,22621740,0,2017-10-01 18:47:02
0.02,1506883614,4279.99,22621736,0,2017-10-01 18:46:54
10.0,1506883612,4280.0,22621735,0,2017-10-01 18:46:52
0.00268731,1506883607,4279.99,22621728,0,2017-10-01 18:46:47
0.06001182,1506883582,4279.99,22621718,0,2017-10-01 18:46:22
0.026877,1506883571,4279.96,22621714,0,2017-10-01 18:46:11
0.02,1506883518,4279.99,22621624,0,2017-10-01 18:45:18
9.88841913,1506883505,4280.0,22621622,0,2017-10-01 18:45:05
0.11158087,1506883504,4279.99,22621621,0,2017-10-01 18:45:04
0.02408186,1506883503,4279.01,22621619,1,2017-10-01 18:45:03
0.02841913,1506883502,4279.99,22621618,0,2017-10-01 18:45:02
1.0,1506883467,4280.0,22621581,0,2017-10-01 18:44:27
1.0,1506883464,4280.0,22621580,0,2017-10-01 18:44:24
1.0,1506883462,4280.0,22621579,0,2017-10-01 18:44:22
1.0,1506883459,4280.0,22621577,0,2017-10-01 18:44:19
3.73309112,1506883458,4280.0,22621576,0,2017-10-01 18:44:18
1.0,1506883457,4280.0,22621575,0,2017-10-01 18:44:17
0.15,1506883454,4279.99,22621574,0,2017-10-01 18:44:14
0.17,1506883448,4279.99,22621573,0,2017-10-01 18:44:08
1.0,1506883419,4279.99,22621567,0,2017-10-01 18:43:39
0.01324856,1506883410,4279.99,22621563,0,2017-10-01 18:43:30
0.01964065,1506883332,4279.99,22621543,0,2017-10-01 18:42:12
0.01027151,1506883257,4279.99,22621532,0,2017-10-01 18:40:57
0.06094777,1506883221,4279.99,22621529,0,2017-10-01 18:40:21
0.004011,1506883209,4279.91,22621527,0,2017-10-01 18:40:09
0.019788,1506883204,4279.91,22621524,0,2017-10-01 18:40:04
0.03413463,1506883149,4277.51,22621513,0,2017-10-01 18:39:09
0.004011,1506883142,4277.51,22621510,0,2017-10-01 18:39:02
0.00274331,1506883117,4277.51,22621503,0,2017-10-01 18:38:37
0.01531684,1506883093,4277.51,22621497,0,2017-10-01 18:38:13
0.00537699,1506883081,4277.51,22621494,0,2017-10-01 18:38:01
0.03841723,1506883057,4277.51,22621479,1,2017-10-01 18:37:37
0.02841913,1506883021,4279.99,22621473,0,2017-10-01 18:37:01
0.02185717,1506883015,4279.99,22621471,0,2017-10-01 18:36:55
0.03047273,1506882997,4279.99,22621469,0,2017-10-01 18:36:37
0.62905108,1506882984,4277.5,22621463,0,2017-10-01 18:36:24
0.0256,1506882959,4277.5,22621453,1,2017-10-01 18:35:59
0.252333,1506882941,4280.0,22621448,0,2017-10-01 18:35:41
0.82,1506882940,4280.0,22621447,0,2017-10-01 18:35:40
0.18,1506882940,4279.99,22621446,0,2017-10-01 18:35:40
1.0,1506882937,4280.0,22621445,0,2017-10-01 18:35:37
1.0,1506882935,4280.0,22621443,0,2017-10-01 18:35:35
0.2,1506882926,4279.99,22621441,1,2017-10-01 18:35:26
0.21390451,1506882922,4279.99,22621440,0,2017-10-01 18:35:22
0.00609549,1506882917,4279.99,22621439,0,2017-10-01 18:35:17
0.10720819,1506882903,4279.99,22621436,0,2017-10-01 18:35:03
0.00269762,1506882891,4279.99,22621433,0,2017-10-01 18:34:51
0.06100827,1506882844,4279.98,22621426,0,2017-10-01 18:34:04
0.02144168,1506882843,4279.98,22621425,0,2017-10-01 18:34:03
0.05428512,1506882840,4279.98,22621423,0,2017-10-01 18:34:00
0.0026917,1506882783,4279.99,22621414,0,2017-10-01 18:33:03
0.046502,1506882742,4279.99,22621406,0,2017-10-01 18:32:22
0.18229828,1506882708,4279.95,22621401,1,2017-10-01 18:31:48
0.81770172,1506882708,4279.93,22621400,0,2017-10-01 18:31:48
0.05379828,1506882707,4279.93,22621399,0,2017-10-01 18:31:47
0.1285,1506882704,4279.95,22621397,0,2017-10-01 18:31:44
0.8715,1506882704,4279.93,22621396,0,2017-10-01 18:31:44
0.39473668,1506882699,4278.0,22621395,0,2017-10-01 18:31:39
0.01219433,1506882682,4278.0,22621393,0,2017-10-01 18:31:22
0.01356552,1506882672,4278.0,22621388,0,2017-10-01 18:31:12
0.03032959,1506882668,4278.0,22621382,0,2017-10-01 18:31:08
0.04160978,1506882666,4278.0,22621380,0,2017-10-01 18:31:06
0.05362786,1506882663,4278.0,22621377,0,2017-10-01 18:31:03
0.0672257,1506882617,4278.0,22621371,0,2017-10-01 18:30:17
1.64375643,1506882613,4277.91,22621370,1,2017-10-01 18:30:13
0.1522,1506882613,4277.91,22621369,1,2017-10-01 18:30:13
0.8715,1506882613,4277.89,22621368,1,2017-10-01 18:30:13
1.31360752,1506882612,4270.0,22621367,0,2017-10-01 18:30:12
0.00165166,1506882610,4265.73,22621366,0,2017-10-01 18:30:10
0.16419766,1506882607,4267.19,22621364,1,2017-10-01 18:30:07
0.02716166,1506882578,4275.78,22621358,0,2017-10-01 18:29:38
0.0027441,1506882565,4273.99,22621357,0,2017-10-01 18:29:25
0.01479269,1506882557,4273.99,22621354,0,2017-10-01 18:29:17
0.02147174,1506882543,4273.99,22621352,0,2017-10-01 18:29:03
0.00187459,1506882539,4273.99,22621350,0,2017-10-01 18:28:59
0.01138688,1506882539,4273.99,22621349,0,2017-10-01 18:28:59
0.15886906,1506882537,4273.96,22621347,0,2017-10-01 18:28:57
0.08328737,1506882485,4274.0,22621340,0,2017-10-01 18:28:05
0.12313991,1506882483,4274.99,22621339,1,2017-10-01 18:28:03
0.08068266,1506882473,4277.8,22621337,0,2017-10-01 18:27:53
0.00673406,1506882465,4277.89,22621334,0,2017-10-01 18:27:45
0.02689431,1506882450,4274.99,22621330,0,2017-10-01 18:27:30
0.07799421,1506882402,4274.99,22621307,0,2017-10-01 18:26:42
0.0350632,1506882368,4274.99,22621298,0,2017-10-01 18:26:08
0.0187,1506882362,4275.84,22621297,1,2017-10-01 18:26:02
0.0826273,1506882351,4277.64,22621294,0,2017-10-01 18:25:51
0.07924972,1506882347,4277.7,22621292,0,2017-10-01 18:25:47
0.00270263,1506882334,4277.8,22621291,0,2017-10-01 18:25:34
0.01353202,1506882322,4277.89,22621287,0,2017-10-01 18:25:22
0.0325719,1506882299,4276.31,22621281,0,2017-10-01 18:24:59
0.00295994,1506882286,4276.29,22621270,0,2017-10-01 18:24:46
0.0699859,1506882284,4276.29,22621269,0,2017-10-01 18:24:44
0.01470694,1506882270,4276.29,22621265,0,2017-10-01 18:24:30
0.00670756,1506882262,4276.29,22621262,0,2017-10-01 18:24:22
0.60399862,1506882246,4264.47,22621257,1,2017-10-01 18:24:06
0.093,1506882246,4268.24,22621256,1,2017-10-01 18:24:06
0.00300138,1506882246,4268.24,22621255,1,2017-10-01 18:24:06
0.02146009,1506882244,4276.31,22621253,0,2017-10-01 18:24:04
0.02370183,1506882198,4276.31,22621211,0,2017-10-01 18:23:18
0.08779631,1506882197,4276.31,22621210,0,2017-10-01 18:23:17
0.019089,1506882190,4276.31,22621204,0,2017-10-01 18:23:10
0.03353919,1506882143,4277.23,22621201,0,2017-10-01 18:22:23
0.02145452,1506882123,4277.42,22621197,0,2017-10-01 18:22:03
0.05398591,1506882106,4266.84,22621193,0,2017-10-01 18:21:46
0.034,1506882105,4270.0,22621192,1,2017-10-01 18:21:45
0.0134,1506882105,4271.63,22621191,1,2017-10-01 18:21:45
0.10200375,1506882105,4273.25,22621190,1,2017-10-01 18:21:45
0.04661034,1506882103,4273.26,22621189,1,2017-10-01 18:21:43
0.12316665,1506882078,4277.49,22621182,1,2017-10-01 18:21:18
0.0161352,1506882033,4276.03,22621175,0,2017-10-01 18:20:33
0.02,1506882033,4275.0,22621174,0,2017-10-01 18:20:33
0.04679563,1506881990,4273.25,22621166,0,2017-10-01 18:19:50
7.88001043,1506881958,4275.0,22621160,1,2017-10-01 18:19:18
0.95906389,1506881958,4275.0,22621159,1,2017-10-01 18:19:18
0.04093611,1506881958,4275.01,22621158,1,2017-10-01 18:19:18
0.03255903,1506881946,4276.02,22621156,0,2017-10-01 18:19:06
1.0,1506881907,4275.0,22621153,1,2017-10-01 18:18:27
0.00270974,1506881904,4275.02,22621152,0,2017-10-01 18:18:24
0.94111901,1506881899,4275.0,22621151,1,2017-10-01 18:18:19
0.05888099,1506881899,4275.02,22621150,1,2017-10-01 18:18:19
0.00156648,1506881872,4275.0,22621148,1,2017-10-01 18:17:52
0.03048437,1506881872,4277.99,22621147,0,2017-10-01 18:17:52
0.0284324,1506881859,4277.99,22621143,0,2017-10-01 18:17:39
0.08510882,1506881836,4275.0,22621140,1,2017-10-01 18:17:16
0.04230435,1506881836,4275.05,22621139,1,2017-10-01 18:17:16
0.02290464,1506881836,4277.1,22621138,1,2017-10-01 18:17:16
0.1500201,1506881826,4278.0,22621137,0,2017-10-01 18:17:06
0.21687003,1506881825,4278.0,22621134,0,2017-10-01 18:17:05
0.06684061,1506881824,4277.1,22621131,0,2017-10-01 18:17:04
0.21691567,1506881763,4277.1,22621121,0,2017-10-01 18:16:03
0.01961999,1506881728,4277.1,22621116,0,2017-10-01 18:15:28
0.03048437,1506881702,4277.1,22621112,0,2017-10-01 18:15:02
0.08067299,1506881691,4277.1,22621110,0,2017-10-01 18:14:51
0.06269636,1506881651,4275.04,22621104,1,2017-10-01 18:14:11
0.00945764,1506881650,4277.1,22621103,1,2017-10-01 18:14:10
0.013447,1506881649,4277.1,22621102,1,2017-10-01 18:14:09
0.0403365,1506881647,4278.0,22621101,0,2017-10-01 18:14:07
0.17489481,1506881625,4278.0,22621099,0,2017-10-01 18:13:45
0.02435325,1506881582,4278.0,22621072,0,2017-10-01 18:13:02
0.69972183,1506881558,4278.0,22621068,0,2017-10-01 18:12:38
1.35825485,1506881506,4277.99,22621021,0,2017-10-01 18:11:46
0.97591745,1506881506,4277.1,22621020,0,2017-10-01 18:11:46
0.011,1506881497,4277.1,22621008,0,2017-10-01 18:11:37
0.06138893,1506881481,4277.1,22621003,0,2017-10-01 18:11:21
0.01097166,1506881453,4277.1,22621000,0,2017-10-01 18:10:53
0.0061014,1506881452,4277.1,22620999,0,2017-10-01 18:10:52
0.1298603,1506881417,4277.1,22620987,0,2017-10-01 18:10:17
0.04,1506881402,4275.18,22620984,1,2017-10-01 18:10:02
0.056,1506881343,4277.1,22620980,0,2017-10-01 18:09:03
0.21691567,1506881284,4277.1,22620970,0,2017-10-01 18:08:04
0.00455916,1506881263,4277.1,22620965,0,2017-10-01 18:07:43
0.00538038,1506881252,4277.1,22620964,0,2017-10-01 18:07:32
0.05363915,1506881224,4277.1,22620955,0,2017-10-01 18:07:04
0.007,1506881224,4277.1,22620954,0,2017-10-01 18:07:04
0.00411722,1506881212,4277.1,22620952,0,2017-10-01 18:06:52
0.0045755,1506881203,4277.1,22620951,0,2017-10-01 18:06:43
0.01344441,1506881173,4277.1,22620945,0,2017-10-01 18:06:13
0.00806608,1506881167,4277.1,22620944,0,2017-10-01 18:06:07
0.04086167,1506881131,4277.1,22620936,0,2017-10-01 18:05:31
0.14802692,1506881131,4277.06,22620935,0,2017-10-01 18:05:31
0.29890175,1506881128,4275.0,22620933,1,2017-10-01 18:05:28
0.01072699,1506881124,4277.06,22620931,0,2017-10-01 18:05:24
0.3,1506881122,4275.0,22620929,1,2017-10-01 18:05:22
0.13422962,1506881071,4275.0,22620911,1,2017-10-01 18:04:31
0.16577038,1506881071,4275.02,22620910,1,2017-10-01 18:04:31
0.26755,1506881044,4277.1,22620905,0,2017-10-01 18:04:04
0.02425738,1506880982,4277.99,22620890,0,2017-10-01 18:03:02
0.00346751,1506880978,4277.99,22620887,0,2017-10-01 18:02:58
0.04300289,1506880942,4277.99,22620863,0,2017-10-01 18:02:22
0.01733755,1506880929,4277.99,22620861,0,2017-10-01 18:02:09
0.01345559,1506880888,4277.99,22620852,0,2017-10-01 18:01:28
0.06101207,1506880867,4277.99,22620849,0,2017-10-01 18:01:07
0.94437655,1506880866,4277.99,22620848,0,2017-10-01 18:01:06
0.02948942,1506880866,4275.0,22620847,0,2017-10-01 18:01:06
0.03051058,1506880854,4275.0,22620846,0,2017-10-01 18:00:54
0.03479183,1506880783,4277.99,22620813,0,2017-10-01 17:59:43
0.24377849,1506880782,4271.17,22620812,1,2017-10-01 17:59:42
0.10033567,1506880782,4271.16,22620811,1,2017-10-01 17:59:42
1.0,1506880775,4277.99,22620810,0,2017-10-01 17:59:35
1.0,1506880773,4277.99,22620809,0,2017-10-01 17:59:33
1.0,1506880770,4278.0,22620807,0,2017-10-01 17:59:30
0.06792083,1506880769,4278.0,22620804,0,2017-10-01 17:59:29
0.01259319,1506880767,4278.0,22620803,0,2017-10-01 17:59:27
0.87698081,1506880763,4277.98,22620802,0,2017-10-01 17:59:23
3.50614887,1506880762,4277.98,22620801,0,2017-10-01 17:59:22
0.21452333,1506880762,4276.02,22620800,0,2017-10-01 17:59:22
0.24351584,1506880762,4275.01,22620799,0,2017-10-01 17:59:22
0.15883115,1506880762,4274.98,22620798,0,2017-10-01 17:59:22
0.01,1506880756,4274.0,22620795,0,2017-10-01 17:59:16
0.01,1506880752,4273.0,22620794,1,2017-10-01 17:59:12
0.01,1506880751,4273.0,22620793,0,2017-10-01 17:59:11
0.05648416,1506880713,4275.02,22620787,1,2017-10-01 17:58:33
0.02442202,1506880633,4276.02,22620781,0,2017-10-01 17:57:13
0.06105465,1506880603,4276.02,22620779,0,2017-10-01 17:56:43
0.01353607,1506880582,4277.0,22620775,0,2017-10-01 17:56:22
0.05613403,1506880579,4273.0,22620774,1,2017-10-01 17:56:19
1.0,1506880578,4277.0,22620773,0,2017-10-01 17:56:18
1.0,1506880576,4277.0,22620772,0,2017-10-01 17:56:16
0.99850726,1506880573,4277.0,22620771,0,2017-10-01 17:56:13
0.00149274,1506880573,4277.0,22620770,0,2017-10-01 17:56:13
0.0630373,1506880568,4276.02,22620767,0,2017-10-01 17:56:08
0.0536527,1506880564,4276.02,22620766,0,2017-10-01 17:56:04
0.0809165,1506880562,4275.01,22620764,0,2017-10-01 17:56:02
0.00999915,1506880541,4269.4,22620761,1,2017-10-01 17:55:41
0.02999915,1506880539,4269.43,22620760,1,2017-10-01 17:55:39
1.0,1506880509,4275.0,22620752,0,2017-10-01 17:55:09
0.03231384,1506880504,4275.0,22620751,0,2017-10-01 17:55:04
1.0,1506880502,4274.99,22620749,0,2017-10-01 17:55:02
1.0,1506880499,4274.99,22620747,0,2017-10-01 17:54:59
0.07086812,1506880499,4274.99,22620746,0,2017-10-01 17:54:59
1.0,1506880491,4274.99,22620742,0,2017-10-01 17:54:51
0.00269707,1506880472,4274.99,22620740,0,2017-10-01 17:54:32
4.87285457,1506880460,4275.0,22620738,0,2017-10-01 17:54:20
4.9527021,1506880460,4275.0,22620737,0,2017-10-01 17:54:20
0.8715,1506880460,4274.34,22620736,0,2017-10-01 17:54:20
0.2,1506880460,4274.13,22620735,0,2017-10-01 17:54:20
0.129,1506880460,4274.05,22620734,0,2017-10-01 17:54:20
0.57394333,1506880460,4273.87,22620733,0,2017-10-01 17:54:20
0.048,1506880374,4273.83,22620715,0,2017-10-01 17:52:54
0.02369276,1506880372,4273.8,22620713,0,2017-10-01 17:52:52
0.06794555,1506880333,4268.04,22620710,1,2017-10-01 17:52:13
0.00305155,1506880317,4273.92,22620704,0,2017-10-01 17:51:57
0.00538488,1506880293,4273.97,22620702,0,2017-10-01 17:51:33
0.02922881,1506880284,4274.04,22620701,0,2017-10-01 17:51:24
0.023,1506880277,4273.89,22620698,0,2017-10-01 17:51:17
0.21705702,1506880264,4273.9,22620696,0,2017-10-01 17:51:04
1.96582483,1506880236,4268.01,22620689,1,2017-10-01 17:50:36
2.0,1506880230,4268.2,22620686,1,2017-10-01 17:50:30
0.8715,1506880223,4268.23,22620684,1,2017-10-01 17:50:23
0.006425,1506880203,4274.03,22620670,0,2017-10-01 17:50:03
0.02,1506880177,4274.5,22620666,0,2017-10-01 17:49:37
0.0269216,1506880161,4274.94,22620641,0,2017-10-01 17:49:21
0.005462,1506880150,4274.65,22620629,0,2017-10-01 17:49:10
0.013385,1506880145,4274.9,22620627,1,2017-10-01 17:49:05
0.0058015,1506880132,4274.7,22620624,0,2017-10-01 17:48:52
0.0344901,1506880096,4266.11,22620587,1,2017-10-01 17:48:16
0.03467292,1506880086,4274.94,22620582,0,2017-10-01 17:48:06
0.013931,1506880083,4274.83,22620581,0,2017-10-01 17:48:03
0.03,1506880079,4274.86,22620567,1,2017-10-01 17:47:59
0.87474904,1506880067,4264.29,22620566,1,2017-10-01 17:47:47
0.1285,1506880066,4274.86,22620565,1,2017-10-01 17:47:46
0.8715,1506880066,4274.86,22620564,1,2017-10-01 17:47:46
0.78630967,1506880064,4274.86,22620561,1,2017-10-01 17:47:44
0.21369033,1506880063,4274.86,22620560,1,2017-10-01 17:47:43
0.29519467,1506880060,4264.2,22620559,1,2017-10-01 17:47:40
0.1285,1506880059,4274.86,22620558,1,2017-10-01 17:47:39
0.8715,1506880059,4274.86,22620557,0,2017-10-01 17:47:39
0.05,1506880053,4272.9,22620556,0,2017-10-01 17:47:33
0.08939172,1506880050,4272.71,22620550,1,2017-10-01 17:47:30
0.49275266,1506880048,4272.67,22620547,0,2017-10-01 17:47:28
0.08783222,1506880017,4261.64,22620539,1,2017-10-01 17:46:57
0.4257269,1506880017,4261.66,22620537,1,2017-10-01 17:46:57
1.0,1506880016,4272.83,22620535,0,2017-10-01 17:46:56
0.07624267,1506880015,4273.0,22620534,1,2017-10-01 17:46:55
0.92375733,1506880014,4273.0,22620533,0,2017-10-01 17:46:54
0.20587152,1506880012,4261.57,22620531,1,2017-10-01 17:46:52
0.03002261,1506880012,4261.57,22620530,1,2017-10-01 17:46:52
0.16212555,1506880012,4269.58,22620529,1,2017-10-01 17:46:52
0.875,1506880012,4272.84,22620528,0,2017-10-01 17:46:52
0.14,1506880008,4272.84,22620527,1,2017-10-01 17:46:48
0.125,1506880007,4272.84,22620526,0,2017-10-01 17:46:47
0.8715,1506880004,4272.84,22620521,0,2017-10-01 17:46:44
0.09317899,1506880000,4269.98,22620519,1,2017-10-01 17:46:40
0.42316171,1506879992,4269.57,22620513,1,2017-10-01 17:46:32
0.08554608,1506879992,4269.57,22620512,1,2017-10-01 17:46:32
0.49129221,1506879991,4269.57,22620508,1,2017-10-01 17:46:31
1.0,1506879987,4269.57,22620505,0,2017-10-01 17:46:27
0.03050871,1506879984,4269.58,22620503,0,2017-10-01 17:46:24
0.32,1506879983,4268.26,22620501,0,2017-10-01 17:46:23
0.01062437,1506879983,4268.24,22620500,0,2017-10-01 17:46:23
0.15908196,1506879976,4268.24,22620491,0,2017-10-01 17:46:16
0.06737727,1506879971,4261.03,22620486,1,2017-10-01 17:46:11
0.01506115,1506879968,4261.0,22620483,0,2017-10-01 17:46:08
0.09978333,1506879965,4260.35,22620477,1,2017-10-01 17:46:05
0.06702576,1506879959,4260.29,22620462,1,2017-10-01 17:45:59
0.00493885,1506879957,4261.0,22620448,0,2017-10-01 17:45:57
0.095,1506879954,4260.16,22620432,1,2017-10-01 17:45:54
0.06778488,1506879951,4260.15,22620402,1,2017-10-01 17:45:51
0.01296,1506879950,4257.5,22620390,1,2017-10-01 17:45:50
0.0133138,1506879949,4257.49,22620378,1,2017-10-01 17:45:49
0.50052,1506879947,4261.28,22620370,1,2017-10-01 17:45:47
0.05678985,1506879941,4261.1,22620318,1,2017-10-01 17:45:41
0.06528109,1506879936,4260.99,22620281,1,2017-10-01 17:45:36
0.00762806,1506879898,4271.93,22620060,0,2017-10-01 17:44:58
2.34e-06,1506879898,4265.0,22620059,0,2017-10-01 17:44:58
1.60345863,1506879894,4265.0,22620058,1,2017-10-01 17:44:54
0.8715,1506879894,4265.02,22620057,1,2017-10-01 17:44:54
0.00701912,1506879893,4265.23,22620056,1,2017-10-01 17:44:53
0.00702847,1506879893,4265.23,22620055,1,2017-10-01 17:44:53
0.02384402,1506879891,4271.96,22620054,0,2017-10-01 17:44:51
0.02148184,1506879844,4271.98,22620030,0,2017-10-01 17:44:04
2.17541735,1506879835,4265.23,22620027,1,2017-10-01 17:43:55
0.932,1506879835,4267.4,22620026,1,2017-10-01 17:43:55
0.8715,1506879835,4267.42,22620025,1,2017-10-01 17:43:55
0.02108265,1506879833,4267.49,22620024,1,2017-10-01 17:43:53
0.00268951,1506879817,4272.06,22620020,0,2017-10-01 17:43:37
0.03660043,1506879744,4272.99,22620004,0,2017-10-01 17:42:24
0.00672612,1506879733,4273.0,22619999,0,2017-10-01 17:42:13
0.01086679,1506879733,4273.0,22619998,0,2017-10-01 17:42:13
0.04526676,1506879731,4273.0,22619997,0,2017-10-01 17:42:11
0.00581074,1506879730,4272.01,22619996,0,2017-10-01 17:42:10
1.0,1506879728,4272.01,22619995,1,2017-10-01 17:42:08
0.00702894,1506879728,4272.04,22619994,1,2017-10-01 17:42:08
0.93716032,1506879728,4272.04,22619993,1,2017-10-01 17:42:08
0.013383,1506879723,4273.0,22619992,0,2017-10-01 17:42:03
1.97731239,1506879715,4273.0,22619990,1,2017-10-01 17:41:55
2.0,1506879710,4273.5,22619989,1,2017-10-01 17:41:50
0.00149274,1506879709,4273.99,22619988,1,2017-10-01 17:41:49
0.10349043,1506879709,4273.99,22619987,1,2017-10-01 17:41:49
0.00830135,1506879709,4274.0,22619986,1,2017-10-01 17:41:49
0.82447876,1506879709,4274.01,22619985,1,2017-10-01 17:41:49
0.03700849,1506879699,4275.85,22619981,0,2017-10-01 17:41:39
0.692102,1506879696,4275.85,22619980,0,2017-10-01 17:41:36
0.05,1506879687,4275.0,22619974,1,2017-10-01 17:41:27
4.0,1506879668,4274.29,22619961,1,2017-10-01 17:41:08
0.024035,1506879663,4275.86,22619958,0,2017-10-01 17:41:03
0.0472979,1506879645,4276.0,22619954,0,2017-10-01 17:40:45
0.00149849,1506879645,4273.99,22619953,0,2017-10-01 17:40:45
0.00268951,1506879624,4273.99,22619944,0,2017-10-01 17:40:24
0.02268761,1506879565,4273.0,22619937,1,2017-10-01 17:39:25
0.03857335,1506879563,4273.03,22619936,1,2017-10-01 17:39:23
0.06726101,1506879516,4275.99,22619922,0,2017-10-01 17:38:36
0.21695093,1506879484,4275.99,22619917,0,2017-10-01 17:38:04
0.006,1506879480,4275.99,22619915,0,2017-10-01 17:38:00
0.01,1506879462,4275.99,22619912,0,2017-10-01 17:37:42
0.00457624,1506879453,4275.99,22619909,0,2017-10-01 17:37:33
0.00610061,1506879435,4275.99,22619878,0,2017-10-01 17:37:15
0.02576075,1506879414,4273.02,22619872,1,2017-10-01 17:36:54
0.0075,1506879363,4275.99,22619865,0,2017-10-01 17:36:03
0.06908011,1506879322,4276.03,22619850,0,2017-10-01 17:35:22
0.03,1506879280,4272.04,22619835,1,2017-10-01 17:34:40
0.01190129,1506879267,4276.05,22619821,0,2017-10-01 17:34:27
2.0,1506879264,4276.05,22619820,0,2017-10-01 17:34:24
1.0,1506879262,4276.0,22619819,1,2017-10-01 17:34:22
0.006,1506879251,4275.74,22619797,0,2017-10-01 17:34:11
0.067694,1506879244,4275.74,22619795,0,2017-10-01 17:34:04
0.015,1506879233,4275.74,22619793,0,2017-10-01 17:33:53
0.04,1506879215,4275.74,22619791,0,2017-10-01 17:33:35
0.03660084,1506879204,4275.74,22619789,0,2017-10-01 17:33:24
0.027211000000000003,1506879160,4275.52,22619783,0,2017-10-01 17:32:40
0.76790861,1506879151,4274.14,22619781,0,2017-10-01 17:32:31
0.01028088,1506879150,4274.14,22619780,0,2017-10-01 17:32:30
0.14011821,1506879132,4274.14,22619774,0,2017-10-01 17:32:12
0.01353902,1506879117,4274.14,22619764,0,2017-10-01 17:31:57
0.011443700000000001,1506879096,4274.04,22619760,0,2017-10-01 17:31:36
0.01341,1506879086,4273.0,22619754,1,2017-10-01 17:31:26
0.013999999999999999,1506879083,4274.03,22619753,0,2017-10-01 17:31:23
0.0351,1506879067,4273.0,22619739,1,2017-10-01 17:31:07
0.29582934,1506879051,4274.06,22619731,0,2017-10-01 17:30:51
1.49319063,1506879017,4273.0,22619710,1,2017-10-01 17:30:17
0.02463882,1506879013,4273.0,22619708,1,2017-10-01 17:30:13
0.0139075,1506879012,4274.14,22619707,0,2017-10-01 17:30:12
0.27381912,1506879008,4274.14,22619704,0,2017-10-01 17:30:08
0.27381912,1506879004,4274.14,22619699,0,2017-10-01 17:30:04
0.56565883,1506878999,4274.14,22619689,0,2017-10-01 17:29:59
0.48217055,1506878991,4273.0,22619687,1,2017-10-01 17:29:51
0.022649700000000002,1506878991,4273.01,22619686,1,2017-10-01 17:29:51
0.021,1506878989,4275.74,22619685,0,2017-10-01 17:29:49
0.18321078,1506878976,4275.74,22619677,0,2017-10-01 17:29:36
1.0,1506878973,4275.74,22619676,0,2017-10-01 17:29:33
0.027000000000000003,1506878971,4275.74,22619672,0,2017-10-01 17:29:31
0.00268854,1506878955,4275.74,22619667,0,2017-10-01 17:29:15
2.40534555,1506878945,4275.1,22619665,1,2017-10-01 17:29:05
0.00619867,1506878943,4275.0,22619664,0,2017-10-01 17:29:03
1.70380133,1506878943,4275.0,22619663,1,2017-10-01 17:29:03
0.033,1506878935,4275.74,22619661,0,2017-10-01 17:28:55
0.00297327,1506878931,4275.74,22619659,0,2017-10-01 17:28:51
0.01494042,1506878913,4275.74,22619655,0,2017-10-01 17:28:33
0.03070112,1506878896,4275.74,22619654,0,2017-10-01 17:28:16
1.10814736,1506878883,4275.74,22619653,0,2017-10-01 17:28:03
0.73,1506878873,4275.74,22619649,0,2017-10-01 17:27:53
0.2313984,1506878839,4275.74,22619645,0,2017-10-01 17:27:19
0.6839755999999999,1506878824,4275.02,22619644,1,2017-10-01 17:27:04
0.02116649,1506878811,4275.74,22619640,0,2017-10-01 17:26:51
1.0,1506878806,4275.74,22619639,0,2017-10-01 17:26:46
0.02286157,1506878801,4275.74,22619638,0,2017-10-01 17:26:41
0.055999999999999994,1506878769,4275.74,22619634,0,2017-10-01 17:26:09
0.04658239,1506878766,4275.74,22619633,0,2017-10-01 17:26:06
0.02146295,1506878763,4275.74,22619631,0,2017-10-01 17:26:03
0.028999999999999998,1506878713,4277.99,22619604,0,2017-10-01 17:25:13
0.55552559,1506878709,4276.03,22619601,0,2017-10-01 17:25:09
0.09351799999999999,1506878703,4276.03,22619600,0,2017-10-01 17:25:03
0.02022486,1506878702,4275.0,22619599,1,2017-10-01 17:25:02
0.06293582,1506878678,4276.03,22619590,0,2017-10-01 17:24:38
0.04119322,1506878678,4276.03,22619589,0,2017-10-01 17:24:38
0.03449332,1506878672,4276.03,22619588,0,2017-10-01 17:24:32
0.02286501,1506878672,4276.0,22619587,0,2017-10-01 17:24:32
0.03047354,1506878672,4276.0,22619586,0,2017-10-01 17:24:32
1.78,1506878668,4275.0,22619582,1,2017-10-01 17:24:28
2.0,1506878668,4275.0,22619581,1,2017-10-01 17:24:28
0.042029199999999996,1506878659,4276.0,22619577,0,2017-10-01 17:24:19
0.01,1506878644,4276.0,22619572,0,2017-10-01 17:24:04
0.02146165,1506878643,4276.0,22619571,0,2017-10-01 17:24:03
0.14613993,1506878635,4276.03,22619567,0,2017-10-01 17:23:55
0.0506124,1506878623,4276.03,22619564,0,2017-10-01 17:23:43
0.06285753,1506878623,4276.03,22619563,0,2017-10-01 17:23:43
0.07458387,1506878623,4276.03,22619562,0,2017-10-01 17:23:43
0.09284362,1506878616,4276.03,22619560,0,2017-10-01 17:23:36
0.17384106,1506878616,4276.03,22619559,0,2017-10-01 17:23:36
0.26414272,1506878614,4276.03,22619557,0,2017-10-01 17:23:34
0.014,1506878592,4275.83,22619547,1,2017-10-01 17:23:12
0.75,1506878586,4275.84,22619544,0,2017-10-01 17:23:06
0.1,1506878586,4275.83,22619543,0,2017-10-01 17:23:06
0.024,1506878577,4275.84,22619536,0,2017-10-01 17:22:57
0.2215357,1506878574,4275.84,22619533,0,2017-10-01 17:22:54
0.255,1506878562,4275.84,22619530,0,2017-10-01 17:22:42
0.10727494,1506878524,4277.7,22619527,0,2017-10-01 17:22:04
0.21686420000000006,1506878523,4277.7,22619525,0,2017-10-01 17:22:03
0.00268728,1506878474,4277.7,22619515,0,2017-10-01 17:21:14
0.73520751,1506878473,4277.67,22619514,0,2017-10-01 17:21:13
0.06095901,1506878402,4277.8,22619501,0,2017-10-01 17:20:02
0.01184549,1506878383,4277.31,22619495,0,2017-10-01 17:19:43
0.107022,1506878345,4277.7,22619489,1,2017-10-01 17:19:05
0.06096657,1506878343,4277.86,22619488,0,2017-10-01 17:19:03
0.005,1506878329,4277.88,22619485,0,2017-10-01 17:18:49
0.257,1506878299,4277.47,22619482,1,2017-10-01 17:18:19
0.743,1506878299,4277.47,22619481,0,2017-10-01 17:18:19
0.1285,1506878294,4277.47,22619480,0,2017-10-01 17:18:14
0.8715,1506878294,4277.32,22619479,0,2017-10-01 17:18:14
0.1285,1506878291,4277.56,22619478,1,2017-10-01 17:18:11
0.8715,1506878291,4277.39,22619477,0,2017-10-01 17:18:11
0.01075782,1506878272,4276.59,22619474,0,2017-10-01 17:17:52
0.06165473,1506878272,4276.59,22619473,0,2017-10-01 17:17:52
0.012,1506878260,4276.99,22619471,0,2017-10-01 17:17:40
0.1002,1506878241,4277.35,22619470,0,2017-10-01 17:17:21
0.02957865,1506878235,4277.51,22619467,0,2017-10-01 17:17:15
0.008,1506878224,4277.67,22619465,0,2017-10-01 17:17:04
0.019247,1506878223,4277.69,22619463,0,2017-10-01 17:17:03
0.28588298,1506878215,4276.83,22619462,0,2017-10-01 17:16:55
0.07374405,1506878215,4275.15,22619461,0,2017-10-01 17:16:55
0.14037297,1506878215,4273.78,22619460,0,2017-10-01 17:16:55
0.01,1506878162,4270.82,22619455,1,2017-10-01 17:16:02
0.02429515,1506878151,4273.78,22619452,0,2017-10-01 17:15:51
0.06096657,1506878141,4273.76,22619450,0,2017-10-01 17:15:41
0.00681034,1506878110,4273.78,22619449,0,2017-10-01 17:15:10
0.02,1506878056,4275.15,22619413,0,2017-10-01 17:14:16
0.0259,1506878013,4275.15,22619406,0,2017-10-01 17:13:33
0.0031,1506878008,4275.15,22619405,0,2017-10-01 17:13:28
0.05178845,1506878007,4275.15,22619404,0,2017-10-01 17:13:27
0.0035,1506878005,4275.15,22619403,0,2017-10-01 17:13:25
0.04149241,1506877985,4275.15,22619399,0,2017-10-01 17:13:05
0.093588,1506877983,4275.15,22619397,0,2017-10-01 17:13:03
0.02688709,1506877972,4275.15,22619393,0,2017-10-01 17:12:52
1.18268724,1506877955,4278.0,22619392,1,2017-10-01 17:12:35
0.71163089,1506877954,4278.0,22619391,1,2017-10-01 17:12:34
0.8715,1506877954,4277.78,22619390,0,2017-10-01 17:12:34
0.23418187,1506877954,4277.5,22619389,0,2017-10-01 17:12:34
0.08063578,1506877944,4277.5,22619388,0,2017-10-01 17:12:24
0.00518235,1506877925,4277.5,22619380,0,2017-10-01 17:12:05
0.10701300000000001,1506877923,4277.4,22619376,0,2017-10-01 17:12:03
0.023678499999999998,1506877859,4278.8,22619372,0,2017-10-01 17:10:59
0.8715,1506877832,4277.58,22619370,0,2017-10-01 17:10:32
0.49302679,1506877832,4269.05,22619369,1,2017-10-01 17:10:32
0.1531,1506877831,4271.44,22619368,1,2017-10-01 17:10:31
0.935,1506877831,4271.44,22619367,0,2017-10-01 17:10:31
1.0,1506877831,4273.0,22619366,1,2017-10-01 17:10:31
0.41887321,1506877829,4277.6,22619365,1,2017-10-01 17:10:29
0.011000000000000001,1506877813,4279.88,22619361,0,2017-10-01 17:10:13
1.0,1506877803,4275.45,22619358,0,2017-10-01 17:10:03
0.08112679,1506877802,4275.29,22619357,0,2017-10-01 17:10:02
0.01219499,1506877796,4275.29,22619354,0,2017-10-01 17:09:56
0.01645939,1506877762,4275.29,22619352,0,2017-10-01 17:09:22
0.010186,1506877749,4275.29,22619350,0,2017-10-01 17:09:09
0.04885316,1506877746,4275.29,22619349,0,2017-10-01 17:09:06
0.00322716,1506877728,4275.29,22619345,0,2017-10-01 17:08:48
0.02439625,1506877728,4275.29,22619344,0,2017-10-01 17:08:48
0.00304734,1506877703,4275.29,22619339,0,2017-10-01 17:08:23
0.0708632,1506877696,4275.29,22619338,0,2017-10-01 17:08:16
0.0040030000000000005,1506877689,4275.29,22619334,0,2017-10-01 17:08:09
0.01210359,1506877685,4275.29,22619333,0,2017-10-01 17:08:05
0.03353913,1506877673,4275.29,22619330,0,2017-10-01 17:07:53
0.08135156,1506877632,4276.0,22619325,1,2017-10-01 17:07:12
0.1797,1506877630,4275.75,22619324,0,2017-10-01 17:07:10
0.3,1506877630,4275.11,22619323,0,2017-10-01 17:07:10
1.43894844,1506877630,4275.0,22619322,0,2017-10-01 17:07:10
0.05,1506877629,4275.0,22619321,0,2017-10-01 17:07:09
0.92315555,1506877595,4275.0,22619310,0,2017-10-01 17:06:35
0.00914902,1506877591,4275.0,22619309,0,2017-10-01 17:06:31
0.01288421,1506877584,4275.0,22619308,0,2017-10-01 17:06:24
1.0,1506877579,4275.0,22619306,0,2017-10-01 17:06:19
0.32290123,1506877574,4275.0,22619305,0,2017-10-01 17:06:14
0.28,1506877574,4274.07,22619304,0,2017-10-01 17:06:14
0.48394443,1506877574,4273.78,22619303,0,2017-10-01 17:06:14
0.2218,1506877573,4271.9,22619300,0,2017-10-01 17:06:13
0.48192018,1506877573,4270.01,22619299,0,2017-10-01 17:06:13
0.01958433,1506877570,4270.01,22619298,1,2017-10-01 17:06:10
0.05379508,1506877536,4273.78,22619286,0,2017-10-01 17:05:36
0.01570479,1506877526,4273.78,22619285,0,2017-10-01 17:05:26
0.06098947,1506877505,4273.78,22619281,0,2017-10-01 17:05:05
0.10736397,1506877502,4273.78,22619279,0,2017-10-01 17:05:02
0.013000000000000001,1506877486,4273.77,22619273,0,2017-10-01 17:04:46
0.01597404,1506877480,4273.77,22619272,0,2017-10-01 17:04:40
0.006999999999999999,1506877469,4273.78,22619268,0,2017-10-01 17:04:29
0.05851090000000001,1506877463,4273.78,22619265,1,2017-10-01 17:04:23
0.21269136,1506877463,4273.79,22619264,1,2017-10-01 17:04:23
0.01,1506877451,4274.97,22619263,0,2017-10-01 17:04:11
0.18481333,1506877444,4273.78,22619262,0,2017-10-01 17:04:04
0.15887612,1506877444,4273.77,22619261,0,2017-10-01 17:04:04
0.89779965,1506877444,4269.14,22619260,0,2017-10-01 17:04:04
0.10220035,1506877439,4269.14,22619257,1,2017-10-01 17:03:59
0.52266274,1506877401,4269.14,22619252,1,2017-10-01 17:03:21
0.02846043,1506877396,4273.78,22619248,0,2017-10-01 17:03:16
0.026506,1506877384,4273.78,22619237,0,2017-10-01 17:03:04
0.04022024,1506877344,4273.78,22619190,0,2017-10-01 17:02:24
0.15073828,1506877301,4274.76,22619187,1,2017-10-01 17:01:41
0.19935722,1506877300,4273.89,22619186,0,2017-10-01 17:01:40
0.013386000000000002,1506877262,4273.89,22619174,0,2017-10-01 17:01:02
0.04725678,1506877248,4273.89,22619172,0,2017-10-01 17:00:48
0.03806861,1506877242,4273.88,22619170,0,2017-10-01 17:00:42
0.27170567,1506877225,4269.01,22619160,0,2017-10-01 17:00:25
0.013384,1506877203,4269.01,22619147,0,2017-10-01 17:00:03
0.21491033,1506877201,4269.29,22619145,1,2017-10-01 17:00:01
0.25242967,1506877200,4269.29,22619144,0,2017-10-01 17:00:00
0.04023593,1506877185,4269.29,22619139,0,2017-10-01 16:59:45
0.06068111,1506877180,4269.29,22619138,0,2017-10-01 16:59:40
0.09665329,1506877149,4269.3,22619132,1,2017-10-01 16:59:09
0.08911988,1506877145,4274.99,22619131,0,2017-10-01 16:59:05
0.01821857,1506877143,4273.3,22619127,0,2017-10-01 16:59:03
0.00371713,1506877115,4273.3,22619115,0,2017-10-01 16:58:35
0.00792711,1506877114,4273.3,22619114,0,2017-10-01 16:58:34
0.00807324,1506877093,4273.3,22619112,0,2017-10-01 16:58:13
0.05907973,1506877085,4273.3,22619111,0,2017-10-01 16:58:05
0.093506,1506877083,4273.3,22619109,0,2017-10-01 16:58:03
0.01280839,1506877082,4273.3,22619108,0,2017-10-01 16:58:02
0.03049316,1506877075,4273.3,22619105,0,2017-10-01 16:57:55
0.01353766,1506877051,4273.3,22619104,0,2017-10-01 16:57:31
0.01263901,1506877046,4273.3,22619102,0,2017-10-01 16:57:26
0.06063101,1506877034,4274.98,22619101,0,2017-10-01 16:57:14
0.58981496,1506877032,4274.98,22619100,0,2017-10-01 16:57:12
0.11218504,1506877030,4272.99,22619099,0,2017-10-01 16:57:10
0.1251297,1506877022,4272.99,22619098,0,2017-10-01 16:57:02
0.05729422,1506877022,4268.9,22619097,1,2017-10-01 16:57:02
0.00268526,1506877001,4272.99,22619093,0,2017-10-01 16:56:41
0.09034465,1506876970,4270.21,22619090,0,2017-10-01 16:56:10
0.02689832,1506876952,4270.21,22619088,0,2017-10-01 16:55:52
0.05,1506876935,4270.21,22619086,0,2017-10-01 16:55:35
0.01184585,1506876930,4270.21,22619083,0,2017-10-01 16:55:30
0.06091118,1506876927,4270.21,22619081,0,2017-10-01 16:55:27
0.16931044,1506876912,4269.68,22619076,0,2017-10-01 16:55:12
0.005342,1506876903,4269.68,22619071,0,2017-10-01 16:55:03
0.04534756,1506876899,4274.51,22619069,1,2017-10-01 16:54:59
0.067,1506876896,4278.1,22619068,0,2017-10-01 16:54:56
0.18399332,1506876893,4274.51,22619067,0,2017-10-01 16:54:53
0.0268698,1506876887,4274.51,22619065,0,2017-10-01 16:54:47
0.00913688,1506876862,4274.51,22619059,0,2017-10-01 16:54:22
0.53141903,1506876861,4274.48,22619058,0,2017-10-01 16:54:21
1.16527319,1506876850,4265.02,22619056,1,2017-10-01 16:54:10
0.933,1506876850,4265.64,22619055,1,2017-10-01 16:54:10
0.935,1506876850,4266.65,22619054,1,2017-10-01 16:54:10
2.3279,1506876850,4268.65,22619053,1,2017-10-01 16:54:10
0.67748005,1506876850,4268.66,22619052,1,2017-10-01 16:54:10
0.00402942,1506876850,4273.45,22619051,1,2017-10-01 16:54:10
0.1548586,1506876847,4273.45,22619050,0,2017-10-01 16:54:07
0.00402942,1506876845,4273.45,22619044,0,2017-10-01 16:54:05
1.0,1506876840,4270.64,22619041,1,2017-10-01 16:54:00
0.08003252,1506876835,4272.61,22619040,0,2017-10-01 16:53:55
0.01,1506876834,4276.37,22619039,0,2017-10-01 16:53:54
0.5549466,1506876830,4265.0,22619038,1,2017-10-01 16:53:50
0.1252,1506876830,4265.99,22619037,1,2017-10-01 16:53:50
5.0,1506876830,4266.22,22619036,1,2017-10-01 16:53:50
1.743,1506876830,4266.25,22619035,1,2017-10-01 16:53:50
0.047,1506876829,4270.1,22619034,1,2017-10-01 16:53:49
2.3283,1506876829,4270.65,22619033,1,2017-10-01 16:53:49
0.01,1506876827,4272.61,22619031,0,2017-10-01 16:53:47
0.931,1506876826,4272.61,22619030,1,2017-10-01 16:53:46
0.01,1506876822,4273.06,22619026,0,2017-10-01 16:53:42
1.0,1506876818,4273.04,22619015,1,2017-10-01 16:53:38
1.0,1506876815,4273.46,22619011,1,2017-10-01 16:53:35
0.86631078,1506876813,4273.04,22619008,0,2017-10-01 16:53:33
0.13368922,1506876812,4273.04,22619007,0,2017-10-01 16:53:32
0.08059566,1506876803,4275.0,22619000,1,2017-10-01 16:53:23
0.15260517,1506876803,4275.0,22618999,1,2017-10-01 16:53:23
0.05579472,1506876795,4276.39,22618997,1,2017-10-01 16:53:15
0.02741897,1506876789,4276.4,22618995,0,2017-10-01 16:53:09
0.006684000000000001,1506876783,4280.44,22618993,0,2017-10-01 16:53:03
0.03418139,1506876782,4276.41,22618992,1,2017-10-01 16:53:02
0.02685981,1506876742,4280.43,22618985,0,2017-10-01 16:52:22
0.02454874,1506876730,4279.36,22618983,1,2017-10-01 16:52:10
0.00288126,1506876730,4279.37,22618982,1,2017-10-01 16:52:10
0.00257,1506876729,4280.36,22618981,1,2017-10-01 16:52:09
0.01,1506876696,4280.44,22618977,0,2017-10-01 16:51:36
0.00268526,1506876682,4280.36,22618976,0,2017-10-01 16:51:22
0.033381,1506876663,4280.44,22618935,0,2017-10-01 16:51:03
0.06633204,1506876662,4277.69,22618934,1,2017-10-01 16:51:02
0.06059604,1506876662,4277.7,22618933,1,2017-10-01 16:51:02
0.01343324,1506876632,4280.44,22618928,0,2017-10-01 16:50:32
0.05168922,1506876543,4285.0,22618918,0,2017-10-01 16:49:03
0.01676078,1506876543,4281.47,22618917,0,2017-10-01 16:49:03
0.06089019,1506876542,4281.47,22618916,0,2017-10-01 16:49:02
0.038,1506876526,4281.47,22618912,0,2017-10-01 16:48:46
0.014375,1506876524,4281.47,22618911,0,2017-10-01 16:48:44
0.04549639,1506876508,4281.47,22618907,0,2017-10-01 16:48:28
0.00950361,1506876508,4281.46,22618906,0,2017-10-01 16:48:28
0.01335,1506876484,4281.46,22618904,0,2017-10-01 16:48:04
0.37723126,1506876467,4277.41,22618902,1,2017-10-01 16:47:47
0.014,1506876454,4281.46,22618900,0,2017-10-01 16:47:34
0.33511495,1506876447,4277.4,22618898,1,2017-10-01 16:47:27
0.042,1506876435,4281.46,22618891,0,2017-10-01 16:47:15
0.02143423,1506876424,4281.47,22618889,0,2017-10-01 16:47:04
0.11253176,1506876423,4277.24,22618888,1,2017-10-01 16:47:03
0.06091318,1506876403,4281.46,22618885,0,2017-10-01 16:46:43
0.00295521,1506876400,4281.46,22618883,0,2017-10-01 16:46:40
0.00304341,1506876391,4281.47,22618880,0,2017-10-01 16:46:31
0.08,1506876371,4285.98,22618868,0,2017-10-01 16:46:11
0.36450237,1506876355,4275.82,22618864,1,2017-10-01 16:45:55
0.04663228,1506876355,4278.68,22618863,1,2017-10-01 16:45:55
0.035,1506876354,4286.35,22618862,0,2017-10-01 16:45:54
0.03044469,1506876342,4286.35,22618855,0,2017-10-01 16:45:42
0.03491079,1506876340,4286.05,22618852,0,2017-10-01 16:45:40
0.26068114,1506876315,4286.23,22618850,0,2017-10-01 16:45:15
0.006999999999999999,1506876296,4286.35,22618845,0,2017-10-01 16:44:56
0.00651527,1506876284,4286.35,22618842,0,2017-10-01 16:44:44
0.062,1506876284,4282.0,22618841,0,2017-10-01 16:44:44
0.938,1506876278,4282.63,22618837,1,2017-10-01 16:44:38
0.4652759,1506876271,4287.8,22618835,0,2017-10-01 16:44:31
0.05887531,1506876266,4287.8,22618834,0,2017-10-01 16:44:26
0.021693200000000003,1506876266,4287.0,22618833,0,2017-10-01 16:44:26
0.002,1506876259,4286.94,22618832,0,2017-10-01 16:44:19
0.05,1506876259,4286.23,22618831,0,2017-10-01 16:44:19
0.2,1506876258,4281.79,22618830,0,2017-10-01 16:44:18
0.48321745,1506876245,4286.0,22618827,1,2017-10-01 16:44:05
0.06375953,1506876244,4282.62,22618825,0,2017-10-01 16:44:04
0.01156776,1506876223,4282.62,22618818,0,2017-10-01 16:43:43
0.00608483,1506876157,4282.62,22618814,0,2017-10-01 16:42:37
0.011149,1506876156,4282.62,22618813,0,2017-10-01 16:42:36
0.00268646,1506876151,4282.62,22618810,0,2017-10-01 16:42:31
0.0106619,1506876151,4282.62,22618809,0,2017-10-01 16:42:31
0.01058379,1506876135,4282.62,22618808,0,2017-10-01 16:42:15
0.0065,1506876133,4279.0,22618806,0,2017-10-01 16:42:13
0.15879401,1506876131,4278.0,22618805,1,2017-10-01 16:42:11
1.50730483,1506876129,4276.0,22618804,0,2017-10-01 16:42:09
0.0346747,1506876113,4276.0,22618797,0,2017-10-01 16:41:53
1.37953471,1506876112,4276.0,22618792,0,2017-10-01 16:41:52
0.06081615,1506876108,4276.0,22618787,0,2017-10-01 16:41:48
0.01766961,1506876099,4277.4,22618783,1,2017-10-01 16:41:39
3.0,1506876092,4277.41,22618779,1,2017-10-01 16:41:32
0.0026826000000000003,1506876083,4282.62,22618776,0,2017-10-01 16:41:23
0.026699,1506876065,4282.61,22618770,0,2017-10-01 16:41:05
0.026678,1506876064,4282.61,22618769,0,2017-10-01 16:41:04
2.80690952,1506876055,4275.02,22618768,1,2017-10-01 16:40:55
0.80015536,1506876054,4275.05,22618767,0,2017-10-01 16:40:54
0.93,1506876054,4275.05,22618766,0,2017-10-01 16:40:54
5.38163831,1506876054,4277.66,22618765,1,2017-10-01 16:40:54
0.0258,1506876054,4278.12,22618764,1,2017-10-01 16:40:54
0.022,1506876054,4278.12,22618763,0,2017-10-01 16:40:54
0.4916,1506876053,4279.06,22618762,1,2017-10-01 16:40:53
7.90913577,1506876053,4279.07,22618761,1,2017-10-01 16:40:53
0.00241404,1506876053,4279.12,22618760,0,2017-10-01 16:40:53
0.933,1506876052,4281.02,22618759,1,2017-10-01 16:40:52
0.00695127,1506876052,4282.0,22618758,1,2017-10-01 16:40:52
3.3233,1506876051,4282.02,22618756,0,2017-10-01 16:40:51
0.937,1506876050,4282.02,22618755,1,2017-10-01 16:40:50
0.06082413,1506876046,4282.62,22618752,0,2017-10-01 16:40:46
0.24502082,1506876023,4279.07,22618749,1,2017-10-01 16:40:23
0.1308,1506876023,4279.07,22618748,0,2017-10-01 16:40:23
0.07595643,1506876022,4279.69,22618747,1,2017-10-01 16:40:22
0.929,1506876022,4280.8,22618746,1,2017-10-01 16:40:22
3.5301,1506876022,4280.8,22618745,0,2017-10-01 16:40:22
1.89208474,1506876020,4284.8,22618742,1,2017-10-01 16:40:20
0.18,1506876018,4284.8,22618741,1,2017-10-01 16:40:18
0.18,1506876010,4282.4,22618725,0,2017-10-01 16:40:10
0.01391526,1506876010,4282.0,22618724,0,2017-10-01 16:40:10
0.00608474,1506875982,4282.0,22618723,0,2017-10-01 16:39:42
3.0,1506875967,4279.17,22618721,1,2017-10-01 16:39:27
0.15868008,1506875949,4279.07,22618714,1,2017-10-01 16:39:09
0.01718091,1506875942,4275.74,22618713,1,2017-10-01 16:39:02
1.0,1506875935,4275.47,22618711,0,2017-10-01 16:38:55
0.8715,1506875926,4279.17,22618709,1,2017-10-01 16:38:46
0.1285,1506875924,4279.04,22618708,0,2017-10-01 16:38:44
0.8715,1506875923,4279.12,22618707,1,2017-10-01 16:38:43
0.1584,1506875915,4282.04,22618706,1,2017-10-01 16:38:35
0.012163,1506875914,4286.84,22618705,0,2017-10-01 16:38:34
0.06851174,1506875914,4286.84,22618704,0,2017-10-01 16:38:34
0.03189139,1506875909,4283.97,22618703,1,2017-10-01 16:38:29
0.93,1506875897,4286.8,22618702,1,2017-10-01 16:38:17
0.931,1506875896,4287.8,22618701,1,2017-10-01 16:38:16
0.05864765,1506875896,4287.81,22618700,1,2017-10-01 16:38:16
0.00860921,1506875896,4288.8,22618699,1,2017-10-01 16:38:16
0.06083638,1506875884,4289.01,22618698,0,2017-10-01 16:38:04
0.32109418,1506875875,4289.92,22618696,0,2017-10-01 16:37:55
0.03919405,1506875875,4289.02,22618695,0,2017-10-01 16:37:55
0.02363161,1506875870,4289.02,22618694,0,2017-10-01 16:37:50
0.04371577,1506875857,4289.0,22618688,1,2017-10-01 16:37:37
0.00217434,1506875853,4289.02,22618687,0,2017-10-01 16:37:33
0.935,1506875851,4289.02,22618686,1,2017-10-01 16:37:31
0.029,1506875840,4289.95,22618675,0,2017-10-01 16:37:20
0.00317031,1506875826,4289.0,22618673,1,2017-10-01 16:37:06
0.39385119,1506875826,4289.0,22618672,1,2017-10-01 16:37:06
0.36101947,1506875826,4289.0,22618671,1,2017-10-01 16:37:06
0.19754482,1506875826,4289.01,22618670,1,2017-10-01 16:37:06
0.16,1506875818,4289.0,22618668,1,2017-10-01 16:36:58
10.0,1506875815,4289.0,22618665,0,2017-10-01 16:36:55
0.35858090000000004,1506875815,4288.8,22618664,0,2017-10-01 16:36:55
0.16,1506875815,4288.24,22618663,0,2017-10-01 16:36:55
0.15834076,1506875815,4288.22,22618662,0,2017-10-01 16:36:55
0.03707637,1506875815,4287.86,22618661,0,2017-10-01 16:36:55
0.06810861,1506875807,4283.97,22618660,1,2017-10-01 16:36:47
0.01217731,1506875807,4283.98,22618659,1,2017-10-01 16:36:47
0.01216363,1506875806,4287.86,22618658,0,2017-10-01 16:36:46
0.071,1506875799,4287.86,22618656,0,2017-10-01 16:36:39
0.91207973,1506875786,4285.0,22618650,1,2017-10-01 16:36:26
0.08792027,1506875786,4285.07,22618649,1,2017-10-01 16:36:26
1.0,1506875783,4285.0,22618648,1,2017-10-01 16:36:23
0.014,1506875774,4288.8,22618645,0,2017-10-01 16:36:14
0.02,1506875774,4288.05,22618644,0,2017-10-01 16:36:14
0.066,1506875774,4285.06,22618643,0,2017-10-01 16:36:14
0.934,1506875774,4285.06,22618642,1,2017-10-01 16:36:14
0.05479584,1506875746,4288.8,22618639,0,2017-10-01 16:35:46
0.027000000000000003,1506875741,4288.8,22618638,0,2017-10-01 16:35:41
0.04562326,1506875734,4288.8,22618636,0,2017-10-01 16:35:34
0.06088456,1506875695,4288.97,22618632,0,2017-10-01 16:34:55
0.01,1506875687,4288.97,22618630,0,2017-10-01 16:34:47
0.1765,1506875657,4286.82,22618622,0,2017-10-01 16:34:17
0.8715,1506875656,4286.78,22618621,0,2017-10-01 16:34:16
0.008435,1506875644,4286.8,22618619,0,2017-10-01 16:34:04
0.01826528,1506875632,4289.0,22618618,0,2017-10-01 16:33:52
0.008,1506875628,4289.05,22618617,0,2017-10-01 16:33:48
1.11924463,1506875617,4286.65,22618609,0,2017-10-01 16:33:37
0.8715,1506875616,4286.63,22618608,0,2017-10-01 16:33:36
0.96612135,1506875606,4285.0,22618604,0,2017-10-01 16:33:26
1.5839058,1506875606,4284.0,22618603,0,2017-10-01 16:33:26
0.89180813,1506875604,4283.98,22618602,0,2017-10-01 16:33:24
0.05024791,1506875587,4283.98,22618596,0,2017-10-01 16:33:07
0.025,1506875557,4283.98,22618592,0,2017-10-01 16:32:37
0.52433374,1506875544,4283.97,22618588,0,2017-10-01 16:32:24
0.06851471,1506875520,4283.97,22618584,0,2017-10-01 16:32:00
0.00609081,1506875492,4283.98,22618576,0,2017-10-01 16:31:32
0.06090806,1506875476,4283.97,22618573,0,2017-10-01 16:31:16
0.02685315,1506875472,4283.98,22618572,0,2017-10-01 16:31:12
3.09640708,1506875442,4281.11,22618568,1,2017-10-01 16:30:42
0.931,1506875442,4282.1,22618567,1,2017-10-01 16:30:42
0.0159,1506875441,4282.2,22618566,1,2017-10-01 16:30:41
0.00669292,1506875441,4282.21,22618565,1,2017-10-01 16:30:41
0.933,1506875441,4283.1,22618564,1,2017-10-01 16:30:41
0.017,1506875441,4283.1,22618563,1,2017-10-01 16:30:41
0.00890677,1506875407,4282.23,22618548,0,2017-10-01 16:30:07
0.01611629,1506875395,4282.21,22618543,0,2017-10-01 16:29:55
0.00761105,1506875391,4282.21,22618542,0,2017-10-01 16:29:51
0.03044186,1506875370,4282.23,22618539,0,2017-10-01 16:29:30
0.05510412,1506875356,4282.23,22618536,0,2017-10-01 16:29:16
0.23488438,1506875348,4283.98,22618533,1,2017-10-01 16:29:08
0.8715,1506875346,4283.8,22618526,0,2017-10-01 16:29:06
0.00541119,1506875305,4283.88,22618495,0,2017-10-01 16:28:25
0.03007519,1506875290,4283.97,22618490,0,2017-10-01 16:28:10
1.1285,1506875288,4276.1,22618488,0,2017-10-01 16:28:08
0.8715,1506875286,4276.18,22618487,1,2017-10-01 16:28:06
0.040087,1506875283,4283.97,22618484,0,2017-10-01 16:28:03
1.0,1506875240,4280.0,22618475,1,2017-10-01 16:27:20
0.04411493,1506875231,4280.02,22618473,1,2017-10-01 16:27:11
0.02685467,1506875202,4283.97,22618464,0,2017-10-01 16:26:42
4.04,1506875198,4282.53,22618462,1,2017-10-01 16:26:38
0.96,1506875196,4282.51,22618461,0,2017-10-01 16:26:36
0.04,1506875193,4282.51,22618460,1,2017-10-01 16:26:33
0.10081299,1506875183,4280.01,22618458,1,2017-10-01 16:26:23
0.31307422,1506875167,4283.99,22618454,0,2017-10-01 16:26:07
0.15855188,1506875167,4282.51,22618453,0,2017-10-01 16:26:07
0.09044324,1506875139,4282.32,22618445,0,2017-10-01 16:25:39
0.06088604,1506875132,4284.0,22618443,0,2017-10-01 16:25:32
0.4,1506875124,4284.0,22618441,0,2017-10-01 16:25:24
0.01486101,1506875102,4282.3,22618437,1,2017-10-01 16:25:02
0.233,1506875099,4284.0,22618434,0,2017-10-01 16:24:59
0.00294273,1506875077,4283.97,22618431,1,2017-10-01 16:24:37
0.004009,1506875041,4284.0,22618424,0,2017-10-01 16:24:01
0.00268566,1506875023,4284.0,22618418,0,2017-10-01 16:23:43
0.05355312,1506874982,4283.97,22618415,0,2017-10-01 16:23:02
0.0726881,1506874973,4282.23,22618412,0,2017-10-01 16:22:53
0.01065998,1506874966,4282.23,22618410,0,2017-10-01 16:22:46
0.04067556,1506874930,4282.23,22618407,0,2017-10-01 16:22:10
0.02461296,1506874924,4282.23,22618406,0,2017-10-01 16:22:04
0.016034,1506874923,4282.23,22618405,0,2017-10-01 16:22:03
0.02605062,1506874903,4282.2,22618402,0,2017-10-01 16:21:43
0.02685467,1506874897,4282.23,22618400,0,2017-10-01 16:21:37
0.09739483,1506874859,4275.0,22618392,1,2017-10-01 16:20:59
0.09929777,1506874858,4275.51,22618391,1,2017-10-01 16:20:58
0.8715,1506874857,4275.94,22618389,0,2017-10-01 16:20:57
0.07333592,1506874857,4275.94,22618388,0,2017-10-01 16:20:57
3.4875,1506874856,4275.95,22618387,1,2017-10-01 16:20:56
0.01183348,1506874851,4282.23,22618386,0,2017-10-01 16:20:51
0.34143627,1506874844,4282.21,22618382,1,2017-10-01 16:20:44
0.15856373,1506874840,4282.19,22618381,0,2017-10-01 16:20:40
0.01351325,1506874833,4282.23,22618380,0,2017-10-01 16:20:33
0.00160432,1506874824,4282.2,22618379,0,2017-10-01 16:20:24
0.08044029,1506874822,4282.23,22618378,0,2017-10-01 16:20:22
0.00268771,1506874783,4282.23,22618372,0,2017-10-01 16:19:43
0.49618639,1506874755,4280.24,22618366,1,2017-10-01 16:19:15
0.929,1506874755,4280.24,22618364,1,2017-10-01 16:19:15
0.929,1506874755,4281.24,22618363,1,2017-10-01 16:19:15
2.7401351000000003,1506874755,4282.1,22618362,1,2017-10-01 16:19:15
1.97432993,1506874755,4282.23,22618361,1,2017-10-01 16:19:15
0.42243457,1506874754,4282.24,22618360,1,2017-10-01 16:19:14
0.06090069,1506874752,4284.0,22618357,0,2017-10-01 16:19:12
0.02567007,1506874741,4282.23,22618350,1,2017-10-01 16:19:01
0.10618413,1506874741,4282.25,22618349,1,2017-10-01 16:19:01
1.0,1506874737,4284.9,22618346,0,2017-10-01 16:18:57
0.0313,1506874723,4284.9,22618345,0,2017-10-01 16:18:43
0.01370313,1506874712,4285.0,22618342,0,2017-10-01 16:18:32
0.025001,1506874683,4286.89,22618332,0,2017-10-01 16:18:03
1.0,1506874670,4282.1,22618327,1,2017-10-01 16:17:50
2.08212139,1506874663,4285.0,22618325,1,2017-10-01 16:17:43
0.30126395,1506874661,4285.0,22618324,1,2017-10-01 16:17:41
0.928,1506874659,4285.43,22618323,1,2017-10-01 16:17:39
0.928,1506874659,4285.43,22618322,1,2017-10-01 16:17:39
0.932,1506874659,4285.43,22618321,1,2017-10-01 16:17:39
0.933,1506874658,4285.43,22618320,1,2017-10-01 16:17:38
0.928,1506874658,4285.43,22618319,1,2017-10-01 16:17:38
0.01924183,1506874651,4288.78,22618297,0,2017-10-01 16:17:31
0.20418002,1506874639,4288.74,22618295,0,2017-10-01 16:17:19
0.00186325,1506874639,4288.25,22618294,0,2017-10-01 16:17:19
0.01934265,1506874639,4288.08,22618293,0,2017-10-01 16:17:19
0.00189015,1506874639,4287.27,22618292,0,2017-10-01 16:17:19
0.01869623,1506874639,4286.54,22618291,0,2017-10-01 16:17:19
0.0070448,1506874639,4285.77,22618290,0,2017-10-01 16:17:19
0.0012359000000000005,1506874639,4285.43,22618289,0,2017-10-01 16:17:19
0.01809396,1506874638,4285.43,22618288,1,2017-10-01 16:17:18
0.00116908,1506874636,4285.43,22618287,0,2017-10-01 16:17:16
0.50478179,1506874635,4285.0,22618286,1,2017-10-01 16:17:15
0.32763012,1506874635,4285.0,22618285,1,2017-10-01 16:17:15
0.0193737,1506874625,4284.14,22618278,0,2017-10-01 16:17:05
0.38,1506874625,4284.0,22618277,0,2017-10-01 16:17:05
0.60573063,1506874625,4284.0,22618276,0,2017-10-01 16:17:05
0.33,1506874624,4284.0,22618275,0,2017-10-01 16:17:04
0.09869941,1506874623,4282.48,22618274,1,2017-10-01 16:17:03
0.06426937,1506874595,4284.0,22618270,0,2017-10-01 16:16:35
0.00914899,1506874582,4282.48,22618269,0,2017-10-01 16:16:22
0.36045001,1506874571,4282.48,22618268,0,2017-10-01 16:16:11
1.743,1506874571,4282.46,22618267,0,2017-10-01 16:16:11
0.28360152,1506874571,4281.58,22618266,0,2017-10-01 16:16:11
0.8715,1506874570,4281.56,22618265,0,2017-10-01 16:16:10
0.00189014,1506874570,4281.52,22618264,0,2017-10-01 16:16:10
0.00703074,1506874570,4281.49,22618263,0,2017-10-01 16:16:10
0.00649853,1506874569,4281.22,22618262,0,2017-10-01 16:16:09
0.05574031,1506874569,4280.0,22618261,0,2017-10-01 16:16:09
0.003,1506874569,4280.0,22618260,0,2017-10-01 16:16:09
0.00186765,1506874567,4278.16,22618259,0,2017-10-01 16:16:07
0.39305973,1506874542,4277.0,22618255,0,2017-10-01 16:15:42
0.01524909,1506874521,4277.0,22618251,0,2017-10-01 16:15:21
0.03052412,1506874502,4277.0,22618248,0,2017-10-01 16:15:02
0.0073599999999999985,1506874501,4277.0,22618247,0,2017-10-01 16:15:01
0.21221435,1506874461,4274.49,22618244,1,2017-10-01 16:14:21
0.0075,1506874459,4277.0,22618243,0,2017-10-01 16:14:19
0.49443076,1506874457,4274.49,22618242,1,2017-10-01 16:14:17
0.21971307,1506874456,4274.5,22618241,1,2017-10-01 16:14:16
0.06103205,1506874456,4277.0,22618239,0,2017-10-01 16:14:16
0.99289084,1506874409,4274.3,22618235,0,2017-10-01 16:13:29
0.11668577,1506874408,4274.3,22618234,0,2017-10-01 16:13:28
1.0,1506874406,4274.3,22618233,0,2017-10-01 16:13:26
1.0,1506874404,4274.3,22618232,0,2017-10-01 16:13:24
0.013401,1506874393,4274.3,22618231,0,2017-10-01 16:13:13
0.057365999999999986,1506874390,4274.3,22618230,0,2017-10-01 16:13:10
1.0,1506874379,4274.3,22618224,0,2017-10-01 16:12:59
0.31965639,1506874373,4274.3,22618222,0,2017-10-01 16:12:53
0.1714,1506874373,4274.05,22618221,0,2017-10-01 16:12:53
0.00705348,1506874373,4273.37,22618220,0,2017-10-01 16:12:53
0.00189013,1506874373,4270.54,22618219,0,2017-10-01 16:12:53
4.54298226,1506874369,4270.01,22618218,0,2017-10-01 16:12:49
1.0,1506874369,4270.01,22618217,0,2017-10-01 16:12:49
1.0,1506874335,4270.01,22618206,0,2017-10-01 16:12:15
0.8715,1506874330,4270.01,22618204,0,2017-10-01 16:12:10
1.0,1506874295,4270.01,22618203,0,2017-10-01 16:11:35
0.00754081,1506874293,4270.01,22618202,0,2017-10-01 16:11:33
1.0,1506874292,4270.01,22618201,0,2017-10-01 16:11:32
1.0,1506874289,4270.01,22618200,0,2017-10-01 16:11:29
1.0,1506874276,4270.01,22618197,0,2017-10-01 16:11:16
1.0,1506874273,4270.01,22618196,0,2017-10-01 16:11:13
0.06105325,1506874272,4270.01,22618194,0,2017-10-01 16:11:12
0.00725468,1506874254,4270.0,22618189,1,2017-10-01 16:10:54
0.00368034,1506874243,4270.01,22618187,0,2017-10-01 16:10:43
0.18969906,1506874241,4270.01,22618186,0,2017-10-01 16:10:41
0.00269198,1506874192,4270.01,22618174,0,2017-10-01 16:09:52
2.10540725,1506874162,4270.01,22618170,0,2017-10-01 16:09:22
0.2371685,1506874144,4270.01,22618169,0,2017-10-01 16:09:04
0.06104332,1506874131,4270.01,22618167,0,2017-10-01 16:08:51
0.006039500000000001,1506874116,4270.01,22618165,0,2017-10-01 16:08:36
0.04,1506874086,4270.01,22618154,0,2017-10-01 16:08:06
0.006999999999999999,1506874073,4270.01,22618150,0,2017-10-01 16:07:53
0.006926000000000001,1506874071,4270.01,22618149,0,2017-10-01 16:07:51
0.012,1506874054,4270.01,22618146,0,2017-10-01 16:07:34
0.0723492,1506874051,4270.01,22618143,0,2017-10-01 16:07:31
0.00213932,1506874027,4270.01,22618135,0,2017-10-01 16:07:07
0.00320445,1506874023,4270.01,22618130,0,2017-10-01 16:07:03
0.027216000000000004,1506873999,4270.01,22618121,0,2017-10-01 16:06:39
0.00703703,1506873980,4270.0,22618116,1,2017-10-01 16:06:20
0.00453422,1506873969,4270.01,22618112,0,2017-10-01 16:06:09
0.05696889,1506873955,4270.01,22618108,0,2017-10-01 16:05:55
0.165,1506873924,4270.01,22618071,0,2017-10-01 16:05:24
0.06103912,1506873921,4270.01,22618070,0,2017-10-01 16:05:21
0.05372821,1506873904,4270.01,22618066,0,2017-10-01 16:05:04
0.11916629,1506873903,4270.01,22618062,0,2017-10-01 16:05:03
0.46735254,1506873880,4270.01,22618055,0,2017-10-01 16:04:40
0.059000000000000004,1506873874,4270.01,22618054,0,2017-10-01 16:04:34
0.13295175,1506873856,4270.01,22618045,0,2017-10-01 16:04:16
0.01615211,1506873852,4270.01,22618043,0,2017-10-01 16:04:12
0.06103646,1506873852,4270.01,22618042,0,2017-10-01 16:04:12
0.01840123,1506873843,4270.01,22618034,0,2017-10-01 16:04:03
0.00673073,1506873812,4270.01,22618031,0,2017-10-01 16:03:32
0.01725585,1506873807,4270.01,22618030,0,2017-10-01 16:03:27
0.01526047,1506873711,4270.01,22618020,0,2017-10-01 16:01:51
10.0,1506873644,4270.01,22617983,0,2017-10-01 16:00:44
0.0457784,1506873642,4270.01,22617982,0,2017-10-01 16:00:42
0.5,1506873633,4270.0,22617981,1,2017-10-01 16:00:33
0.08076464,1506873625,4270.01,22617980,0,2017-10-01 16:00:25
0.03051999,1506873624,4270.01,22617979,0,2017-10-01 16:00:24
0.06103956,1506873622,4270.01,22617978,0,2017-10-01 16:00:22
0.12,1506873605,4270.0,22617975,1,2017-10-01 16:00:05
0.54897295,1506873603,4270.01,22617973,0,2017-10-01 16:00:03
0.02636711,1506873602,4270.0,22617971,1,2017-10-01 16:00:02
0.01355192,1506873599,4270.01,22617970,0,2017-10-01 15:59:59
0.0355381,1506873597,4270.01,22617969,0,2017-10-01 15:59:57
1.19790117,1506873582,4270.01,22617968,0,2017-10-01 15:59:42
0.682725,1506873578,4270.01,22617966,0,2017-10-01 15:59:38
0.01076994,1506873537,4270.01,22617942,0,2017-10-01 15:58:57
0.06117048,1506873506,4270.01,22617933,0,2017-10-01 15:58:26
0.02149175,1506873484,4270.01,22617926,0,2017-10-01 15:58:04
0.21725476,1506873483,4270.01,22617924,0,2017-10-01 15:58:03
0.11686155,1506873471,4270.01,22617922,0,2017-10-01 15:57:51
0.04,1506873462,4270.01,22617921,0,2017-10-01 15:57:42
6.79962108,1506873452,4270.01,22617919,0,2017-10-01 15:57:32
0.01553014,1506873450,4270.01,22617918,0,2017-10-01 15:57:30
0.00875399,1506873438,4270.01,22617917,0,2017-10-01 15:57:18
0.08739558,1506873427,4270.01,22617913,0,2017-10-01 15:57:07
0.06104232,1506873423,4270.01,22617911,0,2017-10-01 15:57:03
13.30179427,1506873419,4270.01,22617905,0,2017-10-01 15:56:59
0.317275,1506873402,4270.0,22617895,1,2017-10-01 15:56:42
0.0473033,1506873379,4270.01,22617890,0,2017-10-01 15:56:19
0.23,1506873376,4270.0,22617888,0,2017-10-01 15:56:16
0.05016477,1506873376,4270.0,22617887,0,2017-10-01 15:56:16
0.73060309,1506873376,4269.97,22617886,0,2017-10-01 15:56:16
0.68743787,1506873375,4269.69,22617885,0,2017-10-01 15:56:15
0.11130511,1506873366,4269.69,22617878,0,2017-10-01 15:56:06
0.01999,1506873363,4269.69,22617877,0,2017-10-01 15:56:03
0.2995,1506873336,4267.67,22617869,1,2017-10-01 15:55:36
0.01510696,1506873303,4269.69,22617866,0,2017-10-01 15:55:03
0.00687115,1506873273,4269.69,22617862,0,2017-10-01 15:54:33
0.19018372,1506873238,4269.69,22617851,0,2017-10-01 15:53:58
0.008041,1506873183,4269.69,22617848,0,2017-10-01 15:53:03
0.06288701,1506873176,4269.69,22617847,0,2017-10-01 15:52:56
0.20832801,1506873165,4269.97,22617846,0,2017-10-01 15:52:45
5.22198441,1506873110,4269.88,22617845,0,2017-10-01 15:51:50
0.915151,1506873110,4268.94,22617844,0,2017-10-01 15:51:50
0.016849,1506873109,4268.94,22617843,0,2017-10-01 15:51:49
0.016849,1506873109,4268.95,22617842,1,2017-10-01 15:51:49
0.931,1506873105,4269.94,22617841,1,2017-10-01 15:51:45
0.932,1506873105,4269.94,22617840,1,2017-10-01 15:51:45
0.0610689,1506873104,4269.97,22617839,0,2017-10-01 15:51:44
1.0,1506873097,4269.97,22617836,0,2017-10-01 15:51:37
0.12747,1506873092,4269.94,22617835,1,2017-10-01 15:51:32
0.030519,1506873091,4269.93,22617834,0,2017-10-01 15:51:31
0.1285,1506873089,4269.94,22617833,1,2017-10-01 15:51:29
0.8715,1506873089,4269.94,22617832,0,2017-10-01 15:51:29
0.05416373,1506873063,4262.63,22617824,1,2017-10-01 15:51:03
0.08096968,1506873054,4269.98,22617821,0,2017-10-01 15:50:54
0.02832708,1506873024,4269.98,22617818,0,2017-10-01 15:50:24
1.66948601,1506873010,4269.34,22617816,0,2017-10-01 15:50:10
0.61051399,1506873010,4269.22,22617815,0,2017-10-01 15:50:10
0.0379,1506873005,4269.35,22617813,0,2017-10-01 15:50:05
0.19438304,1506873000,4262.08,22617807,1,2017-10-01 15:50:00
0.04007543,1506873000,4262.08,22617806,1,2017-10-01 15:50:00
0.06843253,1506872956,4267.79,22617804,0,2017-10-01 15:49:16
0.04,1506872944,4261.7,22617803,0,2017-10-01 15:49:04
0.21925316,1506872862,4261.7,22617795,0,2017-10-01 15:47:42
0.02153366,1506872823,4261.7,22617788,0,2017-10-01 15:47:03
0.005371,1506872823,4261.7,22617787,0,2017-10-01 15:47:03
0.01133097,1506872804,4261.7,22617784,0,2017-10-01 15:46:44
0.09154879,1506872762,4255.93,22617780,1,2017-10-01 15:46:02
0.0023,1506872762,4255.93,22617779,1,2017-10-01 15:46:02
0.22783199,1506872739,4261.7,22617774,0,2017-10-01 15:45:39
0.00459174,1506872684,4261.42,22617759,0,2017-10-01 15:44:44
0.255725,1506872680,4261.46,22617756,1,2017-10-01 15:44:40
0.00206174,1506872658,4253.02,22617751,0,2017-10-01 15:44:18
0.02700703,1506872655,4261.43,22617750,0,2017-10-01 15:44:15
0.02697658,1506872642,4261.63,22617748,0,2017-10-01 15:44:02
0.28355004,1506872631,4261.47,22617747,0,2017-10-01 15:43:51
0.1285,1506872611,4253.56,22617723,1,2017-10-01 15:43:31
0.8715,1506872611,4253.58,22617722,1,2017-10-01 15:43:31
0.00590467,1506872603,4261.66,22617718,0,2017-10-01 15:43:23
1.0,1506872599,4253.5,22617716,1,2017-10-01 15:43:19
0.01753297,1506872533,4259.49,22617711,0,2017-10-01 15:42:13
0.01077124,1506872516,4259.49,22617707,0,2017-10-01 15:41:56
0.08097245,1506872504,4259.49,22617705,0,2017-10-01 15:41:44
0.02524389,1506872492,4259.49,22617704,0,2017-10-01 15:41:32
0.07289441,1506872465,4259.49,22617702,0,2017-10-01 15:41:05
0.04254064,1506872462,4259.49,22617700,0,2017-10-01 15:41:02
0.00296719,1506872418,4259.49,22617695,0,2017-10-01 15:40:18
0.02154483,1506872404,4259.49,22617693,0,2017-10-01 15:40:04
0.00810234,1506872373,4259.49,22617690,0,2017-10-01 15:39:33
0.01529621,1506872357,4260.23,22617689,0,2017-10-01 15:39:17
0.05569315,1506872343,4260.08,22617687,0,2017-10-01 15:39:03
0.02483085,1506872343,4256.75,22617686,0,2017-10-01 15:39:03
0.5035194000000001,1506872336,4250.94,22617684,1,2017-10-01 15:38:56
0.01453124,1506872292,4256.75,22617678,0,2017-10-01 15:38:12
0.01530747,1506872243,4256.75,22617677,0,2017-10-01 15:37:23
0.02472946,1506872224,4256.75,22617676,0,2017-10-01 15:37:04
0.92060098,1506872183,4256.75,22617639,1,2017-10-01 15:36:23
1.0,1506872181,4256.75,22617637,1,2017-10-01 15:36:21
0.00703074,1506872172,4256.76,22617634,1,2017-10-01 15:36:12
0.0070448,1506872172,4256.76,22617633,1,2017-10-01 15:36:12
0.01784,1506872172,4256.77,22617632,1,2017-10-01 15:36:12
1.0,1506872065,4256.76,22617618,1,2017-10-01 15:34:25
0.019501,1506872057,4257.37,22617617,0,2017-10-01 15:34:17
0.37,1506872057,4257.37,22617616,1,2017-10-01 15:34:17
0.019501,1506872057,4257.53,22617615,1,2017-10-01 15:34:17
1.0,1506872054,4257.52,22617612,1,2017-10-01 15:34:14
0.020618,1506872052,4257.48,22617611,0,2017-10-01 15:34:12
0.05,1506872051,4261.71,22617610,1,2017-10-01 15:34:11
0.12018,1506872050,4265.0,22617609,0,2017-10-01 15:34:10
1.11104285,1506872046,4265.02,22617600,1,2017-10-01 15:34:06
0.04055079,1506872043,4266.45,22617593,0,2017-10-01 15:34:03
0.047259,1506872043,4257.52,22617591,0,2017-10-01 15:34:03
0.00601321,1506872043,4257.45,22617589,0,2017-10-01 15:34:03
0.024372,1506871993,4257.52,22617579,0,2017-10-01 15:33:13
0.032497000000000005,1506871991,4257.52,22617578,0,2017-10-01 15:33:11
0.024372,1506871991,4257.52,22617577,0,2017-10-01 15:33:11
0.8715,1506871991,4257.65,22617576,1,2017-10-01 15:33:11
0.025554,1506871982,4257.97,22617575,0,2017-10-01 15:33:02
0.00341087,1506871979,4260.0,22617574,1,2017-10-01 15:32:59
0.1,1506871974,4260.0,22617572,1,2017-10-01 15:32:54
0.0268,1506871974,4260.01,22617571,1,2017-10-01 15:32:54
0.93409936,1506871968,4261.23,22617570,1,2017-10-01 15:32:48
1.0,1506871966,4261.23,22617569,1,2017-10-01 15:32:46
0.01503825,1506871961,4266.7,22617568,0,2017-10-01 15:32:41
0.06114334,1506871922,4266.7,22617546,0,2017-10-01 15:32:02
0.02377247,1506871856,4264.32,22617537,0,2017-10-01 15:30:56
0.02112737,1506871853,4264.32,22617534,0,2017-10-01 15:30:53
0.00943937,1506871852,4262.51,22617533,0,2017-10-01 15:30:52
0.027999999999999997,1506871834,4261.23,22617528,1,2017-10-01 15:30:34
0.01884313,1506871832,4261.23,22617527,1,2017-10-01 15:30:32
0.01905751,1506871822,4261.23,22617525,1,2017-10-01 15:30:22
0.028156,1506871822,4261.24,22617524,1,2017-10-01 15:30:22
0.00540036,1506871733,4266.78,22617510,0,2017-10-01 15:28:53
3.18139353,1506871700,4266.78,22617504,0,2017-10-01 15:28:20
0.69943997,1506871699,4266.59,22617503,0,2017-10-01 15:28:19
0.8715,1506871699,4266.57,22617502,0,2017-10-01 15:28:19
0.013999999999999999,1506871687,4266.67,22617496,0,2017-10-01 15:28:07
0.00269851,1506871685,4266.69,22617495,0,2017-10-01 15:28:05
0.004027,1506871684,4266.69,22617494,0,2017-10-01 15:28:04
0.24766649999999998,1506871636,4258.76,22617482,0,2017-10-01 15:27:16
0.034552,1506871622,4258.76,22617477,1,2017-10-01 15:27:02
3.5,1506871622,4259.0,22617476,0,2017-10-01 15:27:02
0.01347476,1506871586,4259.0,22617469,0,2017-10-01 15:26:26
2.3,1506871579,4259.0,22617467,0,2017-10-01 15:26:19
0.034552,1506871573,4259.0,22617466,0,2017-10-01 15:26:13
0.035114,1506871571,4259.01,22617464,1,2017-10-01 15:26:11
5.0,1506871569,4260.02,22617463,0,2017-10-01 15:26:09
0.06641305,1506871559,4260.02,22617459,0,2017-10-01 15:25:59
0.01908,1506871555,4260.02,22617455,0,2017-10-01 15:25:55
0.1309161,1506871554,4260.02,22617450,0,2017-10-01 15:25:54
1.7906,1506871526,4262.88,22617440,0,2017-10-01 15:25:26
2.3379,1506871526,4262.87,22617439,0,2017-10-01 15:25:26
5.0,1506871526,4262.83,22617438,0,2017-10-01 15:25:26
0.8715,1506871525,4262.79,22617437,0,2017-10-01 15:25:25
0.03682052,1506871511,4262.79,22617432,1,2017-10-01 15:25:11
2.48e-06,1506871509,4262.78,22617431,0,2017-10-01 15:25:09
0.10356006,1506871509,4262.84,22617430,1,2017-10-01 15:25:09
0.93889567,1506871507,4262.78,22617429,0,2017-10-01 15:25:07
0.03686116,1506871472,4267.68,22617426,0,2017-10-01 15:24:32
0.0242775,1506871472,4267.55,22617425,0,2017-10-01 15:24:32
0.06110433,1506871472,4266.89,22617424,0,2017-10-01 15:24:32
0.00697574,1506871466,4267.1,22617423,0,2017-10-01 15:24:26
0.02,1506871466,4267.0,22617422,0,2017-10-01 15:24:26
0.66194815,1506871435,4255.23,22617414,1,2017-10-01 15:23:55
2.36666281,1506871434,4255.19,22617412,0,2017-10-01 15:23:54
0.054914,1506871434,4255.19,22617411,0,2017-10-01 15:23:54
0.71510371,1506871434,4255.19,22617409,0,2017-10-01 15:23:54
0.8715,1506871434,4255.19,22617408,0,2017-10-01 15:23:54
1.743,1506871434,4255.19,22617407,0,2017-10-01 15:23:54
1.0,1506871433,4255.21,22617406,0,2017-10-01 15:23:53
0.1735,1506871433,4260.21,22617405,1,2017-10-01 15:23:53
0.02,1506871433,4261.11,22617404,1,2017-10-01 15:23:53
0.8715,1506871432,4261.47,22617403,0,2017-10-01 15:23:52
0.14263448,1506871432,4265.07,22617402,1,2017-10-01 15:23:52
0.041185,1506871430,4265.08,22617400,1,2017-10-01 15:23:50
0.01348461,1506871421,4269.42,22617396,0,2017-10-01 15:23:41
0.01070321,1506871402,4269.42,22617395,0,2017-10-01 15:23:22
0.03710331,1506871385,4269.43,22617392,0,2017-10-01 15:23:05
0.01664806,1506871383,4265.08,22617391,0,2017-10-01 15:23:03
0.043045,1506871382,4265.08,22617389,1,2017-10-01 15:23:02
0.05574031,1506871360,4269.43,22617387,0,2017-10-01 15:22:40
0.50950858,1506871354,4269.98,22617386,1,2017-10-01 15:22:34
0.00996165,1506871327,4269.98,22617384,1,2017-10-01 15:22:07
0.0459,1506871327,4269.98,22617383,1,2017-10-01 15:22:07
1.0,1506871326,4270.0,22617382,0,2017-10-01 15:22:06
0.8715,1506871324,4269.98,22617380,1,2017-10-01 15:22:04
0.8715,1506871320,4269.98,22617378,0,2017-10-01 15:22:00
0.06559366,1506871313,4269.98,22617376,0,2017-10-01 15:21:53
0.00705348,1506871313,4269.11,22617375,0,2017-10-01 15:21:53
0.00190012,1506871313,4269.01,22617374,0,2017-10-01 15:21:53
0.00187206,1506871313,4268.07,22617373,0,2017-10-01 15:21:53
0.05736552,1506871312,4265.07,22617372,1,2017-10-01 15:21:52
0.11793667,1506871299,4264.4,22617370,1,2017-10-01 15:21:39
0.00269844,1506871241,4265.07,22617349,0,2017-10-01 15:20:41
0.18622985,1506871200,4267.08,22617316,0,2017-10-01 15:20:00
0.27069063,1506871189,4267.26,22617313,0,2017-10-01 15:19:49
0.002,1506871189,4264.41,22617312,0,2017-10-01 15:19:49
0.038644,1506871188,4264.41,22617311,1,2017-10-01 15:19:48
0.01965907,1506871178,4264.4,22617305,1,2017-10-01 15:19:38
0.03428441,1506871176,4264.41,22617304,1,2017-10-01 15:19:36
0.011724,1506871175,4264.41,22617303,1,2017-10-01 15:19:35
0.00139159,1506871166,4264.41,22617299,1,2017-10-01 15:19:26
0.00251974,1506871153,4266.59,22617291,0,2017-10-01 15:19:13
0.0015,1506871152,4266.0,22617290,0,2017-10-01 15:19:12
0.00705348,1506871152,4264.85,22617289,0,2017-10-01 15:19:12
0.42858353,1506871148,4264.4,22617288,0,2017-10-01 15:19:08
0.995,1506871146,4264.4,22617287,0,2017-10-01 15:19:06
0.005,1506871146,4261.32,22617286,0,2017-10-01 15:19:06
1.0,1506871144,4264.4,22617285,0,2017-10-01 15:19:04
0.0030574,1506871143,4264.4,22617284,0,2017-10-01 15:19:03
0.00277712,1506871137,4258.24,22617283,1,2017-10-01 15:18:57
0.00270031,1506871132,4264.4,22617282,0,2017-10-01 15:18:52
0.033925,1506871124,4264.4,22617280,0,2017-10-01 15:18:44
0.06121037,1506871106,4264.4,22617272,0,2017-10-01 15:18:26
0.11695666,1506871090,4264.4,22617270,0,2017-10-01 15:18:10
4.52856673,1506871080,4264.4,22617267,0,2017-10-01 15:18:00
0.00560767,1506871080,4264.36,22617266,0,2017-10-01 15:18:00
0.00190011,1506871079,4263.26,22617265,0,2017-10-01 15:17:59
5.82,1506871079,4262.66,22617264,0,2017-10-01 15:17:59
0.00270031,1506871076,4261.7,22617263,0,2017-10-01 15:17:56
0.00996165,1506871043,4261.7,22617259,0,2017-10-01 15:17:23
5.12107881,1506871037,4261.7,22617257,0,2017-10-01 15:17:17
0.1365,1506871027,4261.7,22617255,0,2017-10-01 15:17:07
0.0075,1506871023,4261.7,22617254,0,2017-10-01 15:17:03
0.01010508,1506871023,4261.7,22617253,0,2017-10-01 15:17:03
0.006999999999999999,1506871021,4261.7,22617251,0,2017-10-01 15:17:01
0.01485641,1506871011,4261.7,22617250,0,2017-10-01 15:16:51
0.02855252,1506871009,4261.7,22617249,0,2017-10-01 15:16:49
0.87892119,1506871007,4260.0,22617246,0,2017-10-01 15:16:47
0.01531115,1506871000,4260.0,22617245,0,2017-10-01 15:16:40
0.013,1506870986,4260.0,22617239,0,2017-10-01 15:16:26
0.0025,1506870964,4259.99,22617237,1,2017-10-01 15:16:04
0.03785784,1506870961,4260.0,22617236,0,2017-10-01 15:16:01
0.08497799,1506870948,4259.99,22617235,0,2017-10-01 15:15:48
5.35986101,1506870948,4259.99,22617234,0,2017-10-01 15:15:48
0.59975116,1506870948,4259.99,22617233,0,2017-10-01 15:15:48
0.06751291,1506870947,4259.99,22617232,0,2017-10-01 15:15:47
0.05291338,1506870942,4259.99,22617228,0,2017-10-01 15:15:42
0.006999999999999999,1506870932,4259.99,22617225,0,2017-10-01 15:15:32
0.014,1506870914,4259.99,22617221,0,2017-10-01 15:15:14
0.01531115,1506870913,4259.99,22617220,0,2017-10-01 15:15:13
0.1345,1506870910,4259.99,22617219,0,2017-10-01 15:15:10
0.994,1506870910,4259.98,22617218,0,2017-10-01 15:15:10
0.8715,1506870910,4259.96,22617217,0,2017-10-01 15:15:10
0.006,1506870896,4259.98,22617214,0,2017-10-01 15:14:56
0.068,1506870860,4259.99,22617203,0,2017-10-01 15:14:20
0.006,1506870842,4259.99,22617196,0,2017-10-01 15:14:02
0.235756,1506870836,4259.99,22617195,0,2017-10-01 15:13:56
0.02,1506870836,4259.98,22617194,0,2017-10-01 15:13:56
0.7992554000000001,1506870815,4259.99,22617189,0,2017-10-01 15:13:35
0.01624018,1506870792,4259.81,22617187,0,2017-10-01 15:13:12
0.1285,1506870785,4259.82,22617186,0,2017-10-01 15:13:05
0.8715,1506870785,4259.8,22617185,0,2017-10-01 15:13:05
0.008981600000000001,1506870784,4244.59,22617184,1,2017-10-01 15:13:04
0.46837895,1506870783,4259.82,22617182,0,2017-10-01 15:13:03
1.0,1506870781,4259.83,22617181,0,2017-10-01 15:13:01
1.0,1506870778,4259.85,22617180,0,2017-10-01 15:12:58
0.08309293,1506870773,4259.89,22617179,0,2017-10-01 15:12:53
0.26631366,1506870770,4253.74,22617177,0,2017-10-01 15:12:50
0.05905771,1506870766,4253.74,22617176,0,2017-10-01 15:12:46
0.01464406,1506870760,4253.74,22617174,0,2017-10-01 15:12:40
0.69300099,1506870748,4253.74,22617171,0,2017-10-01 15:12:28
0.0544422,1506870744,4253.74,22617169,0,2017-10-01 15:12:24
0.16341821,1506870741,4253.74,22617168,0,2017-10-01 15:12:21
0.45493823,1506870735,4253.74,22617166,0,2017-10-01 15:12:15
0.26473509999999995,1506870735,4253.74,22617164,0,2017-10-01 15:12:15
0.02944984,1506870723,4253.74,22617158,0,2017-10-01 15:12:03
0.17672885,1506870722,4253.72,22617154,0,2017-10-01 15:12:02
0.44235658,1506870716,4253.72,22617150,0,2017-10-01 15:11:56
0.002,1506870715,4253.7,22617149,0,2017-10-01 15:11:55
0.91660817,1506870711,4246.08,22617145,0,2017-10-01 15:11:51
0.025398,1506870711,4246.08,22617142,0,2017-10-01 15:11:51
0.05799383,1506870709,4246.08,22617141,1,2017-10-01 15:11:49
0.0288968,1506870705,4253.72,22617136,0,2017-10-01 15:11:45
0.22351777,1506870701,4253.72,22617133,0,2017-10-01 15:11:41
0.116225,1506870701,4253.7,22617132,0,2017-10-01 15:11:41
1.73776493,1506870692,4249.98,22617125,0,2017-10-01 15:11:32
0.01193575,1506870691,4249.98,22617124,0,2017-10-01 15:11:31
0.05750166,1506870685,4249.89,22617122,0,2017-10-01 15:11:25
1.0,1506870684,4249.9,22617121,1,2017-10-01 15:11:24
0.46293037,1506870682,4253.72,22617119,0,2017-10-01 15:11:22
0.18968233,1506870682,4253.72,22617118,0,2017-10-01 15:11:22
0.2188873,1506870681,4253.72,22617117,0,2017-10-01 15:11:21
0.5656,1506870673,4249.99,22617110,0,2017-10-01 15:11:13
0.00541999,1506870670,4249.99,22617109,0,2017-10-01 15:11:10
0.05201684,1506870668,4249.99,22617104,0,2017-10-01 15:11:08
0.36534224,1506870666,4242.67,22617099,1,2017-10-01 15:11:06
0.63465776,1506870666,4249.9,22617098,1,2017-10-01 15:11:06
0.053981299999999996,1506870665,4249.99,22617097,0,2017-10-01 15:11:05
0.08199999999999999,1506870664,4249.99,22617096,0,2017-10-01 15:11:04
0.36534224,1506870663,4249.9,22617095,0,2017-10-01 15:11:03
1.0,1506870660,4249.9,22617089,0,2017-10-01 15:11:00
0.5,1506870659,4249.9,22617088,0,2017-10-01 15:10:59
0.08381656,1506870654,4249.9,22617087,0,2017-10-01 15:10:54
0.050841199999999996,1506870654,4249.9,22617086,0,2017-10-01 15:10:54
0.07036871,1506870650,4252.6,22617085,1,2017-10-01 15:10:50
0.07353189,1506870647,4250.98,22617084,0,2017-10-01 15:10:47
0.06725637,1506870647,4250.98,22617083,0,2017-10-01 15:10:47
1.0,1506870647,4250.98,22617082,0,2017-10-01 15:10:47
0.05813374,1506870645,4250.98,22617081,0,2017-10-01 15:10:45
2.93323862,1506870641,4250.0,22617072,0,2017-10-01 15:10:41
0.06133138,1506870640,4250.0,22617070,0,2017-10-01 15:10:40
0.98581155,1506870639,4249.97,22617069,0,2017-10-01 15:10:39
1.0,1506870636,4250.0,22617064,0,2017-10-01 15:10:36
5.78e-06,1506870633,4241.84,22617056,0,2017-10-01 15:10:33
0.02392193,1506870633,4241.84,22617055,0,2017-10-01 15:10:33
0.11202521,1506870630,4241.84,22617054,0,2017-10-01 15:10:30
0.86404708,1506870630,4241.84,22617053,0,2017-10-01 15:10:30
0.1285,1506870630,4241.33,22617052,0,2017-10-01 15:10:30
0.8715,1506870629,4241.33,22617049,0,2017-10-01 15:10:29
0.8715,1506870629,4252.61,22617048,0,2017-10-01 15:10:29
0.02560969,1506870629,4252.59,22617047,0,2017-10-01 15:10:29
0.01,1506870629,4252.59,22617046,0,2017-10-01 15:10:29
0.01418845,1506870615,4252.67,22617041,0,2017-10-01 15:10:15
0.01383701,1506870609,4252.8,22617038,0,2017-10-01 15:10:09
0.05394348,1506870604,4252.81,22617035,0,2017-10-01 15:10:04
0.20199999999999999,1506870602,4251.0,22617027,0,2017-10-01 15:10:02
0.04871802,1506870600,4241.32,22617026,0,2017-10-01 15:10:00
0.95128198,1506870600,4241.77,22617025,1,2017-10-01 15:10:00
0.07978198,1506870592,4252.81,22617023,0,2017-10-01 15:09:52
0.0164,1506870574,4251.02,22617021,0,2017-10-01 15:09:34
0.008,1506870574,4251.02,22617020,0,2017-10-01 15:09:34
0.1285,1506870569,4241.08,22617018,0,2017-10-01 15:09:29
0.8715,1506870568,4241.38,22617017,1,2017-10-01 15:09:28
0.11045421,1506870556,4241.08,22617010,1,2017-10-01 15:09:16
0.1285,1506870552,4253.13,22617008,0,2017-10-01 15:09:12
0.8715,1506870551,4253.13,22617007,0,2017-10-01 15:09:11
1.0,1506870547,4251.05,22617005,0,2017-10-01 15:09:07
0.034819,1506870545,4251.05,22617003,0,2017-10-01 15:09:05
1.0,1506870544,4251.06,22617002,1,2017-10-01 15:09:04
0.19808681,1506870542,4253.16,22616999,0,2017-10-01 15:09:02
0.1629,1506870541,4252.04,22616998,0,2017-10-01 15:09:01
0.034,1506870537,4251.06,22616990,0,2017-10-01 15:08:57
0.01388705,1506870536,4251.06,22616988,0,2017-10-01 15:08:56
0.06955964,1506870524,4251.14,22616964,0,2017-10-01 15:08:44
0.09960999,1506870478,4247.57,22616948,0,2017-10-01 15:07:58
0.01898387,1506870471,4247.57,22616945,0,2017-10-01 15:07:51
0.05724269,1506870467,4247.59,22616939,0,2017-10-01 15:07:47
0.48617421,1506870464,4247.59,22616931,0,2017-10-01 15:07:44
0.79146599,1506870453,4246.75,22616925,0,2017-10-01 15:07:33
0.05,1506870453,4246.7,22616924,0,2017-10-01 15:07:33
0.02518439,1506870441,4246.8,22616916,1,2017-10-01 15:07:21
0.74163707,1506870430,4240.52,22616915,1,2017-10-01 15:07:10
2.99603634,1506870428,4246.85,22616913,0,2017-10-01 15:07:08
0.006,1506870426,4246.86,22616910,0,2017-10-01 15:07:06
0.05765308,1506870411,4246.93,22616900,0,2017-10-01 15:06:51
0.11073958,1506870411,4246.93,22616899,0,2017-10-01 15:06:51
0.00117261,1506870401,4246.95,22616895,0,2017-10-01 15:06:41
0.38644231,1506870393,4247.0,22616890,1,2017-10-01 15:06:33
3.977449,1506870367,4240.0,22616883,1,2017-10-01 15:06:07
0.093032,1506870367,4240.01,22616882,1,2017-10-01 15:06:07
0.058019000000000015,1506870366,4240.03,22616881,1,2017-10-01 15:06:06
0.8715,1506870366,4240.18,22616880,1,2017-10-01 15:06:06
2.88455573,1506870365,4247.11,22616879,0,2017-10-01 15:06:05
0.11544427,1506870365,4247.08,22616878,0,2017-10-01 15:06:05
2.6612,1506870360,4240.28,22616877,1,2017-10-01 15:06:00
2.3368,1506870360,4240.57,22616876,1,2017-10-01 15:06:00
0.002,1506870359,4241.56,22616875,1,2017-10-01 15:05:59
0.028999999999999998,1506870351,4246.59,22616874,0,2017-10-01 15:05:51
0.42994209,1506870345,4244.79,22616872,0,2017-10-01 15:05:45
0.01988593,1506870339,4244.79,22616864,0,2017-10-01 15:05:39
1.63545032,1506870323,4244.79,22616860,0,2017-10-01 15:05:23
0.01189438,1506870321,4244.79,22616858,0,2017-10-01 15:05:21
0.0613,1506870317,4244.79,22616855,0,2017-10-01 15:05:17
0.013447,1506870304,4246.8,22616841,1,2017-10-01 15:05:04
0.04052051,1506870283,4245.44,22616836,0,2017-10-01 15:04:43
0.5,1506870281,4245.44,22616835,0,2017-10-01 15:04:41
0.03068347,1506870271,4245.44,22616833,0,2017-10-01 15:04:31
0.093862,1506870243,4245.44,22616828,0,2017-10-01 15:04:03
0.12490768,1506870214,4245.44,22616823,0,2017-10-01 15:03:34
0.1285,1506870212,4240.07,22616821,0,2017-10-01 15:03:32
0.8715,1506870212,4240.12,22616820,1,2017-10-01 15:03:32
0.01878552,1506870208,4240.7,22616819,0,2017-10-01 15:03:28
0.254,1506870206,4240.7,22616818,1,2017-10-01 15:03:26
0.033,1506870205,4241.56,22616817,0,2017-10-01 15:03:25
0.01,1506870200,4240.72,22616814,0,2017-10-01 15:03:20
0.29403774,1506870196,4241.56,22616813,1,2017-10-01 15:03:16
0.08963122,1506870195,4240.72,22616812,0,2017-10-01 15:03:15
0.03886878,1506870194,4240.72,22616810,0,2017-10-01 15:03:14
0.8715,1506870193,4240.72,22616809,1,2017-10-01 15:03:13
0.027999999999999997,1506870189,4241.56,22616805,0,2017-10-01 15:03:09
0.28041674,1506870187,4241.56,22616796,0,2017-10-01 15:03:07
0.69125762,1506870186,4241.56,22616794,0,2017-10-01 15:03:06
0.00403168,1506870185,4245.44,22616792,0,2017-10-01 15:03:05
0.28040590000000004,1506870183,4244.36,22616787,0,2017-10-01 15:03:03
1.0,1506870172,4245.64,22616785,1,2017-10-01 15:02:52
0.011000000000000001,1506870169,4247.13,22616784,0,2017-10-01 15:02:49
4.3246,1506870163,4246.42,22616783,1,2017-10-01 15:02:43
0.8715,1506870163,4246.55,22616782,1,2017-10-01 15:02:43
0.28629349,1506870159,4251.23,22616778,0,2017-10-01 15:02:39
0.00612662,1506870154,4251.23,22616773,0,2017-10-01 15:02:34
0.46611128,1506870153,4251.23,22616768,0,2017-10-01 15:02:33
0.015,1506870132,4255.42,22616767,0,2017-10-01 15:02:12
0.15009533,1506870118,4255.42,22616762,0,2017-10-01 15:01:58
0.01192253,1506870116,4255.42,22616761,0,2017-10-01 15:01:56
0.1383,1506870116,4254.22,22616759,0,2017-10-01 15:01:56
0.00734448,1506870100,4255.42,22616753,0,2017-10-01 15:01:40
0.073,1506870093,4249.56,22616751,1,2017-10-01 15:01:33
0.39080125,1506870081,4249.52,22616750,0,2017-10-01 15:01:21
0.09534505,1506870081,4250.92,22616749,1,2017-10-01 15:01:21
0.06885369999999999,1506870079,4254.39,22616748,1,2017-10-01 15:01:19
0.05437492,1506870077,4255.42,22616746,0,2017-10-01 15:01:17
0.100699,1506870066,4254.39,22616743,1,2017-10-01 15:01:06
0.03,1506870047,4254.39,22616740,1,2017-10-01 15:00:47
0.00840057,1506870042,4255.42,22616739,0,2017-10-01 15:00:42
0.0004473,1506870015,4254.39,22616732,1,2017-10-01 15:00:15
0.1727527,1506870015,4254.39,22616731,1,2017-10-01 15:00:15
0.08104422,1506870002,4255.42,22616729,0,2017-10-01 15:00:02
0.1285,1506869982,4257.68,22616721,1,2017-10-01 14:59:42
0.006,1506869978,4257.7,22616720,0,2017-10-01 14:59:38
0.8715,1506869978,4257.68,22616719,0,2017-10-01 14:59:38
0.4,1506869973,4254.39,22616718,1,2017-10-01 14:59:33
0.4272473,1506869919,4254.39,22616712,0,2017-10-01 14:58:39
0.10456886,1506869911,4254.39,22616710,0,2017-10-01 14:58:31
0.03410969,1506869910,4254.39,22616709,0,2017-10-01 14:58:30
0.15577451,1506869906,4254.39,22616705,0,2017-10-01 14:58:26
0.81728528,1506869901,4254.39,22616701,0,2017-10-01 14:58:21
0.0418708,1506869887,4254.39,22616697,0,2017-10-01 14:58:07
0.32845836,1506869871,4254.39,22616695,0,2017-10-01 14:57:51
0.058,1506869861,4254.39,22616692,0,2017-10-01 14:57:41
1.0,1506869859,4254.39,22616691,0,2017-10-01 14:57:39
0.03917651,1506869852,4254.39,22616690,0,2017-10-01 14:57:32
0.00581947,1506869842,4254.39,22616688,0,2017-10-01 14:57:22
0.5,1506869832,4254.39,22616656,0,2017-10-01 14:57:12
0.020178,1506869829,4254.39,22616655,0,2017-10-01 14:57:09
0.00405173,1506869815,4254.39,22616654,0,2017-10-01 14:56:55
0.3421446,1506869792,4254.4,22616652,0,2017-10-01 14:56:32
0.03917641,1506869779,4254.4,22616648,0,2017-10-01 14:56:19
0.036000000000000004,1506869774,4254.4,22616646,0,2017-10-01 14:56:14
4.21882677,1506869755,4254.05,22616645,0,2017-10-01 14:55:55
0.97816173,1506869747,4254.02,22616643,0,2017-10-01 14:55:47
0.00306154,1506869737,4254.05,22616640,0,2017-10-01 14:55:37
3.18333734,1506869725,4253.25,22616639,1,2017-10-01 14:55:25
3.82659288,1506869722,4253.25,22616638,0,2017-10-01 14:55:22
0.02730759,1506869722,4253.25,22616637,0,2017-10-01 14:55:22
0.008,1506869721,4253.22,22616636,0,2017-10-01 14:55:21
0.0075,1506869704,4253.25,22616635,0,2017-10-01 14:55:04
0.013447,1506869704,4253.22,22616634,0,2017-10-01 14:55:04
0.044,1506869686,4253.25,22616631,0,2017-10-01 14:54:46
1.0,1506869665,4253.25,22616628,0,2017-10-01 14:54:25
1.0,1506869657,4245.37,22616626,1,2017-10-01 14:54:17
1.0,1506869655,4245.29,22616625,1,2017-10-01 14:54:15
0.064,1506869650,4248.8,22616624,0,2017-10-01 14:54:10
0.9970559,1506869646,4248.8,22616623,1,2017-10-01 14:54:06
0.00469758,1506869642,4253.25,22616621,0,2017-10-01 14:54:02
0.08990195,1506869636,4253.39,22616619,1,2017-10-01 14:53:56
0.01359717,1506869611,4255.49,22616616,0,2017-10-01 14:53:31
0.5,1506869611,4255.49,22616615,0,2017-10-01 14:53:31
1.0,1506869605,4255.49,22616608,0,2017-10-01 14:53:25
0.009000000000000001,1506869602,4255.49,22616606,0,2017-10-01 14:53:22
0.03,1506869583,4255.49,22616595,0,2017-10-01 14:53:03
0.06127099,1506869573,4255.63,22616592,0,2017-10-01 14:52:53
0.18023999,1506869571,4253.39,22616591,0,2017-10-01 14:52:51
4.80776001,1506869568,4253.39,22616585,0,2017-10-01 14:52:48
0.012,1506869565,4253.39,22616583,0,2017-10-01 14:52:45
2.00662499,1506869551,4255.8,22616581,0,2017-10-01 14:52:31
0.12866,1506869527,4249.97,22616579,1,2017-10-01 14:52:07
0.01191226,1506869517,4255.8,22616576,0,2017-10-01 14:51:57
1.0,1506869501,4253.87,22616563,0,2017-10-01 14:51:41
0.34964867,1506869496,4253.87,22616562,0,2017-10-01 14:51:36
0.008,1506869487,4253.87,22616560,0,2017-10-01 14:51:27
1.0,1506869456,4249.97,22616553,1,2017-10-01 14:50:56
0.1285,1506869454,4249.97,22616552,1,2017-10-01 14:50:54
0.8715,1506869454,4249.99,22616551,1,2017-10-01 14:50:54
0.06,1506869446,4255.8,22616550,0,2017-10-01 14:50:46
0.05478015,1506869410,4259.49,22616541,0,2017-10-01 14:50:10
0.03671985,1506869410,4259.0,22616540,0,2017-10-01 14:50:10
0.96328015,1506869383,4259.0,22616537,0,2017-10-01 14:49:43
0.84176918,1506869383,4258.98,22616536,0,2017-10-01 14:49:43
0.02973082,1506869382,4258.98,22616535,0,2017-10-01 14:49:42
0.002,1506869380,4252.0,22616534,1,2017-10-01 14:49:40
0.01359206,1506869328,4258.02,22616523,0,2017-10-01 14:48:48
0.02732,1506869321,4257.33,22616521,0,2017-10-01 14:48:41
0.012292,1506869290,4258.96,22616514,0,2017-10-01 14:48:10
0.07931526,1506869271,4258.98,22616512,0,2017-10-01 14:47:51
0.0018765000000000001,1506869271,4257.98,22616511,0,2017-10-01 14:47:51
0.006,1506869228,4254.86,22616494,0,2017-10-01 14:47:08
0.024250999999999998,1506869223,4254.86,22616493,0,2017-10-01 14:47:03
0.54514768,1506869197,4252.94,22616491,0,2017-10-01 14:46:37
0.32635232,1506869197,4252.92,22616490,0,2017-10-01 14:46:37
0.079,1506869191,4252.94,22616487,0,2017-10-01 14:46:31
0.9541,1506869188,4252.89,22616485,0,2017-10-01 14:46:28
0.8715,1506869188,4252.82,22616484,0,2017-10-01 14:46:28
0.26625835,1506869178,4252.46,22616483,0,2017-10-01 14:46:18
0.8715,1506869178,4252.44,22616482,0,2017-10-01 14:46:18
0.006,1506869173,4250.54,22616481,0,2017-10-01 14:46:13
0.06749585,1506869168,4250.55,22616480,0,2017-10-01 14:46:08
3.58554129,1506869168,4248.81,22616479,0,2017-10-01 14:46:08
2.07874531,1506869159,4248.81,22616477,0,2017-10-01 14:45:59
0.012,1506869151,4248.81,22616476,0,2017-10-01 14:45:51
4.73519878,1506869150,4248.81,22616475,0,2017-10-01 14:45:50
1.14893681,1506869140,4248.81,22616451,0,2017-10-01 14:45:40
0.91899861,1506869131,4248.81,22616448,0,2017-10-01 14:45:31
0.46349378,1506869131,4248.8,22616447,0,2017-10-01 14:45:31
3.76427622,1506869122,4248.8,22616445,0,2017-10-01 14:45:22
0.71810033,1506869122,4248.8,22616444,0,2017-10-01 14:45:22
1.76325527,1506869100,4248.8,22616440,0,2017-10-01 14:45:00
0.07036129,1506869100,4248.8,22616439,0,2017-10-01 14:45:00
0.0012929999999999999,1506869097,4248.8,22616438,0,2017-10-01 14:44:57
0.00333977,1506869064,4246.99,22616430,0,2017-10-01 14:44:24
0.52955483,1506869061,4246.99,22616429,0,2017-10-01 14:44:21
0.00461965,1506869061,4246.0,22616428,0,2017-10-01 14:44:21
0.004043,1506869042,4246.99,22616427,0,2017-10-01 14:44:02
1.22289566,1506869033,4246.99,22616426,0,2017-10-01 14:43:53
2.1371,1506869024,4246.99,22616423,0,2017-10-01 14:43:44
0.00306674,1506869016,4246.99,22616420,0,2017-10-01 14:43:36
0.1,1506869015,4246.99,22616419,0,2017-10-01 14:43:35
0.43550414,1506868966,4248.8,22616398,0,2017-10-01 14:42:46
0.01059487,1506868962,4248.8,22616397,0,2017-10-01 14:42:42
0.01646951,1506868962,4248.11,22616396,0,2017-10-01 14:42:42
0.05761728,1506868953,4248.11,22616392,0,2017-10-01 14:42:33
0.01901321,1506868933,4248.11,22616385,0,2017-10-01 14:42:13
0.9069,1506868929,4248.11,22616384,0,2017-10-01 14:42:09
0.96845085,1506868922,4247.0,22616378,0,2017-10-01 14:42:02
0.02694728,1506868920,4247.0,22616377,0,2017-10-01 14:42:00
0.93445272,1506868920,4246.7,22616376,0,2017-10-01 14:42:00
0.99634795,1506868919,4246.7,22616375,0,2017-10-01 14:41:59
1.89458422,1506868910,4246.7,22616372,0,2017-10-01 14:41:50
0.00188989,1506868890,4246.7,22616369,0,2017-10-01 14:41:30
0.17272522,1506868890,4246.7,22616368,0,2017-10-01 14:41:30
0.11461036,1506868882,4246.69,22616367,0,2017-10-01 14:41:22
0.9425,1506868882,4246.66,22616366,0,2017-10-01 14:41:22
1.05711036,1506868881,4246.69,22616365,0,2017-10-01 14:41:21
0.10721069,1506868861,4246.38,22616362,0,2017-10-01 14:41:01
0.0575,1506868803,4246.63,22616355,0,2017-10-01 14:40:03
0.52966229,1506868772,4240.12,22616353,1,2017-10-01 14:39:32
0.8715,1506868772,4240.19,22616352,1,2017-10-01 14:39:32
0.24283771,1506868770,4240.22,22616351,1,2017-10-01 14:39:30
0.00460187,1506868762,4247.0,22616348,0,2017-10-01 14:39:22
0.013468,1506868743,4248.1,22616344,0,2017-10-01 14:39:03
1.0,1506868742,4248.1,22616343,0,2017-10-01 14:39:02
0.23483771,1506868736,4248.04,22616341,0,2017-10-01 14:38:56
0.008,1506868719,4247.85,22616339,0,2017-10-01 14:38:39
0.08941486,1506868719,4239.47,22616338,1,2017-10-01 14:38:39
0.38058514,1506868717,4239.6,22616337,1,2017-10-01 14:38:37
0.1285,1506868714,4247.97,22616336,0,2017-10-01 14:38:34
0.8715,1506868714,4247.88,22616335,0,2017-10-01 14:38:34
0.073,1506868698,4247.53,22616330,0,2017-10-01 14:38:18
0.0907207,1506868695,4247.42,22616327,0,2017-10-01 14:38:15
0.008,1506868683,4247.73,22616324,0,2017-10-01 14:38:03
0.062,1506868680,4247.83,22616321,0,2017-10-01 14:38:00
0.006,1506868659,4248.17,22616317,0,2017-10-01 14:37:39
0.256535,1506868630,4247.93,22616314,0,2017-10-01 14:37:10
0.001599,1506868619,4248.11,22616313,0,2017-10-01 14:36:59
0.02885025,1506868614,4248.24,22616312,0,2017-10-01 14:36:54
0.001293,1506868596,4248.53,22616309,0,2017-10-01 14:36:36
0.0072819999999999985,1506868593,4248.41,22616308,0,2017-10-01 14:36:33
0.01312687,1506868584,4248.53,22616304,0,2017-10-01 14:36:24
0.19831856,1506868581,4248.44,22616303,1,2017-10-01 14:36:21
1.0,1506868576,4240.0,22616302,1,2017-10-01 14:36:16
1.0,1506868574,4239.47,22616300,1,2017-10-01 14:36:14
0.02004744,1506868573,4248.49,22616299,0,2017-10-01 14:36:13
1.0,1506868571,4239.48,22616298,1,2017-10-01 14:36:11
1.0,1506868568,4239.52,22616297,1,2017-10-01 14:36:08
0.79124729,1506868567,4240.71,22616293,0,2017-10-01 14:36:07
0.065608,1506868563,4240.71,22616291,1,2017-10-01 14:36:03
0.076502,1506868562,4240.77,22616290,0,2017-10-01 14:36:02
0.02445,1506868562,4240.77,22616288,0,2017-10-01 14:36:02
0.1074842,1506868561,4240.77,22616286,0,2017-10-01 14:36:01
0.002,1506868555,4240.77,22616280,1,2017-10-01 14:35:55
0.03144136,1506868554,4240.77,22616279,1,2017-10-01 14:35:54
0.00378707,1506868541,4248.67,22616278,1,2017-10-01 14:35:41
1.0,1506868540,4248.67,22616277,0,2017-10-01 14:35:40
0.2767528,1506868513,4240.77,22616271,0,2017-10-01 14:35:13
0.03156464,1506868510,4240.77,22616266,0,2017-10-01 14:35:10
0.03156464,1506868505,4240.77,22616261,0,2017-10-01 14:35:05
0.00216,1506868503,4240.77,22616259,0,2017-10-01 14:35:03
0.08292355,1506868500,4240.77,22616255,0,2017-10-01 14:35:00
0.074169,1506868498,4240.77,22616253,0,2017-10-01 14:34:58
0.50086537,1506868496,4240.88,22616251,1,2017-10-01 14:34:56
0.047794,1506868494,4240.71,22616249,1,2017-10-01 14:34:54
0.080706,1506868493,4240.78,22616248,1,2017-10-01 14:34:53
0.8715,1506868493,4240.82,22616247,1,2017-10-01 14:34:53
0.2,1506868488,4248.23,22616246,1,2017-10-01 14:34:48
0.006,1506868486,4248.24,22616245,0,2017-10-01 14:34:46
0.02084772,1506868482,4248.24,22616244,0,2017-10-01 14:34:42
0.085043,1506868479,4248.24,22616243,1,2017-10-01 14:34:39
0.009000000000000001,1506868468,4248.77,22616242,0,2017-10-01 14:34:28
0.013451,1506868464,4248.8,22616239,1,2017-10-01 14:34:24
0.02535328,1506868464,4248.8,22616238,1,2017-10-01 14:34:24
0.022,1506868446,4248.81,22616212,0,2017-10-01 14:34:06
0.49006939,1506868435,4248.81,22616206,0,2017-10-01 14:33:55
0.009000000000000001,1506868432,4248.81,22616205,0,2017-10-01 14:33:52
0.089766,1506868427,4248.82,22616204,1,2017-10-01 14:33:47
1.0,1506868413,4248.82,22616197,1,2017-10-01 14:33:33
0.910234,1506868411,4248.82,22616195,1,2017-10-01 14:33:31
0.089766,1506868410,4248.83,22616194,1,2017-10-01 14:33:30
0.005,1506868409,4254.29,22616193,0,2017-10-01 14:33:29
0.00767068,1506868407,4254.34,22616192,0,2017-10-01 14:33:27
0.01623834,1506868393,4253.61,22616188,0,2017-10-01 14:33:13
0.006834999999999999,1506868389,4253.61,22616187,1,2017-10-01 14:33:09
0.08800000000000001,1506868388,4253.6,22616186,0,2017-10-01 14:33:08
0.012,1506868387,4253.6,22616185,1,2017-10-01 14:33:07
0.002,1506868386,4251.59,22616184,0,2017-10-01 14:33:06
1.0,1506868357,4248.93,22616181,1,2017-10-01 14:32:37
1.0,1506868355,4254.13,22616180,1,2017-10-01 14:32:35
1.0,1506868352,4250.0,22616179,1,2017-10-01 14:32:32
0.16302567,1506868349,4251.59,22616177,0,2017-10-01 14:32:29
0.03,1506868342,4251.59,22616175,1,2017-10-01 14:32:22
0.45117037,1506868325,4254.18,22616172,1,2017-10-01 14:32:05
0.09996907,1506868324,4249.0,22616169,0,2017-10-01 14:32:04
0.00988134,1506868312,4249.0,22616167,0,2017-10-01 14:31:52
0.00094358,1506868312,4248.99,22616166,0,2017-10-01 14:31:52
0.05521447,1506868306,4248.99,22616165,0,2017-10-01 14:31:46
0.013000000000000001,1506868259,4248.93,22616157,0,2017-10-01 14:30:59
0.07592962,1506868209,4248.98,22616155,1,2017-10-01 14:30:09
0.01203519,1506868208,4248.91,22616152,0,2017-10-01 14:30:08
0.08796481,1506868206,4248.91,22616151,1,2017-10-01 14:30:06
0.02086,1506868203,4248.91,22616146,0,2017-10-01 14:30:03
0.71569907,1506868202,4240.06,22616145,1,2017-10-01 14:30:02
0.8715,1506868202,4240.1,22616144,1,2017-10-01 14:30:02
0.34342393,1506868202,4240.13,22616143,1,2017-10-01 14:30:02
0.47,1506868202,4245.0,22616142,1,2017-10-01 14:30:02
0.099377,1506868202,4245.01,22616141,1,2017-10-01 14:30:02
1.0,1506868178,4247.39,22616136,0,2017-10-01 14:29:38
0.03070315,1506868152,4247.39,22616134,0,2017-10-01 14:29:12
0.048412000000000004,1506868150,4247.33,22616133,0,2017-10-01 14:29:10
0.01988844,1506868132,4247.39,22616129,0,2017-10-01 14:28:52
0.02530319,1506868112,4247.39,22616126,0,2017-10-01 14:28:32
0.06733081,1506868112,4247.39,22616125,0,2017-10-01 14:28:32
0.006999999999999999,1506868110,4247.39,22616124,0,2017-10-01 14:28:30
0.05759624,1506868110,4247.33,22616123,0,2017-10-01 14:28:30
0.20835878,1506868103,4247.39,22616119,0,2017-10-01 14:28:23
1.0,1506868103,4241.19,22616118,0,2017-10-01 14:28:23
0.26,1506868101,4241.19,22616117,0,2017-10-01 14:28:21
0.1,1506868100,4239.98,22616116,1,2017-10-01 14:28:20
0.13944700000000002,1506868099,4241.19,22616114,1,2017-10-01 14:28:19
0.125897,1506868097,4241.2,22616113,0,2017-10-01 14:28:17
0.139422,1506868093,4241.2,22616112,1,2017-10-01 14:28:13
0.05818808,1506868089,4241.66,22616110,0,2017-10-01 14:28:09
0.05408731,1506868085,4241.66,22616108,0,2017-10-01 14:28:05
0.06914883,1506868079,4241.66,22616104,0,2017-10-01 14:27:59
0.12872,1506868079,4241.66,22616101,0,2017-10-01 14:27:59
0.19659641,1506868076,4241.66,22616099,0,2017-10-01 14:27:56
0.10567298,1506868071,4241.66,22616090,0,2017-10-01 14:27:51
0.1285,1506868069,4241.61,22616084,0,2017-10-01 14:27:49
0.8715,1506868068,4241.7,22616083,1,2017-10-01 14:27:48
0.860576,1506868065,4241.65,22616082,1,2017-10-01 14:27:45
0.139424,1506868065,4241.66,22616081,1,2017-10-01 14:27:45
0.03938966,1506868047,4247.39,22616077,0,2017-10-01 14:27:27
0.011000000000000001,1506868036,4247.39,22616076,0,2017-10-01 14:27:16
0.02058817,1506868032,4247.39,22616071,0,2017-10-01 14:27:12
0.037000000000000005,1506868015,4247.39,22616060,0,2017-10-01 14:26:55
0.20050552,1506868002,4248.97,22616057,0,2017-10-01 14:26:42
0.06982448,1506868002,4247.02,22616056,0,2017-10-01 14:26:42
0.97692552,1506868000,4247.02,22616054,1,2017-10-01 14:26:40
1.402724,1506867999,4248.0,22616052,1,2017-10-01 14:26:39
0.150526,1506867999,4248.01,22616051,1,2017-10-01 14:26:39
0.018000000000000002,1506867996,4249.0,22616032,0,2017-10-01 14:26:36
0.08604835,1506867994,4249.0,22616028,0,2017-10-01 14:26:34
6.46374844,1506867951,4248.76,22616013,0,2017-10-01 14:25:51
0.02164717,1506867943,4248.76,22616009,0,2017-10-01 14:25:43
0.005,1506867932,4248.76,22616006,0,2017-10-01 14:25:32
0.24127600000000002,1506867890,4248.0,22616001,1,2017-10-01 14:24:50
0.158724,1506867888,4248.01,22616000,1,2017-10-01 14:24:48
0.2000188,1506867877,4248.76,22615993,0,2017-10-01 14:24:37
0.01008,1506867876,4248.76,22615992,0,2017-10-01 14:24:36
2.46291388,1506867845,4248.76,22615967,0,2017-10-01 14:24:05
1.07484,1506867843,4248.76,22615959,0,2017-10-01 14:24:03
0.0204285,1506867837,4248.76,22615951,0,2017-10-01 14:23:57
0.350951,1506867835,4248.76,22615950,0,2017-10-01 14:23:55
0.05950800000000001,1506867832,4248.76,22615947,0,2017-10-01 14:23:52
0.11039467,1506867831,4248.76,22615945,0,2017-10-01 14:23:51
0.01176813,1506867824,4248.76,22615939,0,2017-10-01 14:23:44
0.11603638,1506867822,4248.76,22615934,0,2017-10-01 14:23:42
0.01176813,1506867821,4248.76,22615932,0,2017-10-01 14:23:41
27.1668373,1506867821,4248.76,22615930,0,2017-10-01 14:23:41
0.11678815,1506867817,4248.76,22615922,0,2017-10-01 14:23:37
0.01176813,1506867816,4248.76,22615919,0,2017-10-01 14:23:36
1.3156700000000001,1506867815,4248.76,22615914,0,2017-10-01 14:23:35
0.00470726,1506867814,4248.76,22615912,0,2017-10-01 14:23:34
0.56487069,1506867814,4248.76,22615910,0,2017-10-01 14:23:34
0.01840484,1506867813,4248.76,22615908,0,2017-10-01 14:23:33
0.11213775,1506867812,4248.76,22615903,0,2017-10-01 14:23:32
0.13421322,1506867761,4248.76,22615886,0,2017-10-01 14:22:41
0.02911071,1506867755,4248.76,22615854,0,2017-10-01 14:22:35
0.11744603,1506867750,4248.76,22615852,0,2017-10-01 14:22:30
0.07881565,1506867747,4248.76,22615851,0,2017-10-01 14:22:27
0.02624878,1506867714,4248.76,22615832,0,2017-10-01 14:21:54
0.00374828,1506867713,4248.76,22615828,0,2017-10-01 14:21:53
3.97416,1506867709,4248.76,22615823,0,2017-10-01 14:21:49
0.01232645,1506867706,4245.12,22615820,1,2017-10-01 14:21:46
0.56487069,1506867704,4248.76,22615810,0,2017-10-01 14:21:44
0.08941249,1506867703,4248.76,22615805,0,2017-10-01 14:21:43
0.01399975,1506867700,4248.0,22615793,1,2017-10-01 14:21:40
0.02901158,1506867698,4248.76,22615791,0,2017-10-01 14:21:38
0.02901158,1506867698,4248.76,22615790,0,2017-10-01 14:21:38
0.02901158,1506867698,4248.76,22615789,0,2017-10-01 14:21:38
0.01926298,1506867697,4248.76,22615788,0,2017-10-01 14:21:37
0.02901158,1506867692,4248.76,22615787,0,2017-10-01 14:21:32
0.02901158,1506867692,4248.76,22615786,0,2017-10-01 14:21:32
0.05802315,1506867691,4248.76,22615785,0,2017-10-01 14:21:31
0.02901158,1506867691,4248.76,22615784,0,2017-10-01 14:21:31
0.02091243,1506867685,4248.76,22615780,0,2017-10-01 14:21:25
0.0151993,1506867685,4248.76,22615778,0,2017-10-01 14:21:25
0.02753075,1506867679,4248.76,22615771,0,2017-10-01 14:21:19
0.02597047,1506867679,4248.76,22615770,0,2017-10-01 14:21:19
0.02633148,1506867678,4248.76,22615769,0,2017-10-01 14:21:18
0.02901158,1506867678,4248.76,22615768,0,2017-10-01 14:21:18
0.02901158,1506867673,4248.76,22615766,0,2017-10-01 14:21:13
0.02901158,1506867673,4248.76,22615765,0,2017-10-01 14:21:13
0.30240121,1506867672,4248.76,22615764,0,2017-10-01 14:21:12
0.02901158,1506867672,4248.76,22615763,0,2017-10-01 14:21:12
0.02901158,1506867667,4248.76,22615758,0,2017-10-01 14:21:07
0.01438503,1506867666,4248.76,22615757,0,2017-10-01 14:21:06
0.55172097,1506867663,4248.76,22615754,0,2017-10-01 14:21:03
0.69054507,1506867660,4248.76,22615747,0,2017-10-01 14:21:00
0.02199454,1506867654,4248.76,22615744,0,2017-10-01 14:20:54
